2382 3016
1236 210 1311 253 16

377 326 560 363 decantari
582 325 789 374 jusserunt,
817 336 972 373 quorum
1001 325 1216 360 auctoritate
1240 323 1326 359 olim
1353 327 1389 358 et
1418 323 1488 371 ipsi
1515 320 1593 357 ludi
1621 320 1812 356 Terentiui
1839 321 1993 359 instituti
2015 328 2051 359 et
2076 326 2167 359 tem-

377 393 476 443 plum
500 390 668 442 Apollini
695 390 916 441 pestilentiae
939 388 1154 426 avertendae
1180 400 1292 426 causa
1321 386 1506 425 conditum
1534 392 1612 435 est;
1643 384 1742 441 quod
1770 386 1803 422 si
1821 384 1899 436 jam
1923 399 1988 436 per
2011 400 2051 424 se
2077 386 2169 424 nihil

376 459 489 509 magis
517 463 798 493 consentaneum
825 462 903 492 erat
929 468 1038 505 quam
1067 455 1104 491 id
1128 469 1277 502 numen,
1309 455 1415 505 cujus
1442 454 1563 491 cultus
1585 452 1632 488 ab
1659 453 1761 489 initio
1785 452 1831 488 ad
1855 452 2007 489 salutem
2034 454 2168 490 civium

376 532 411 562 et
440 523 678 561 valetudinem
707 524 890 573 publicam
918 529 1133 572 spectasset,
1164 522 1362 572 aliquando
1391 535 1474 560 cum
1499 522 1544 558 iis
1570 519 1667 557 ludis
1694 519 1887 570 conjungi,
1917 518 2050 569 quibus
2077 520 2169 570 ipsis

376 591 538 642 prodigia
565 596 600 627 et
629 590 726 626 dirae
754 589 976 626 calamitates
1004 589 1181 639 originem
1209 587 1403 635 dederant,
1445 592 1631 624 externam
1658 585 1769 637 hujus
1792 585 2059 636 conjunctionis
2082 599 2168 623 cau-

375 673 450 696 sam
479 657 573 694 ultro
601 657 807 707 suppeditat
838 656 1001 707 Sibyllae
1032 654 1195 702 indoles,
1234 668 1328 705 quae
1362 660 1405 692 ut
1438 655 1643 692 arctissimo
1670 653 1819 692 vinculo
1846 666 1930 691 cum
1959 652 2169 704 Apollinari

375 725 547 775 religione
574 723 767 774 conjuncta
795 729 885 771 erat,
915 725 962 759 ita
989 735 1070 758 eum
1099 722 1324 772 potissimum
1350 720 1562 772 Apollinem
1592 720 1796 758 celebrasse
1823 720 1979 767 videtur,
2023 720 2168 770 qualem

375 793 443 842 jam
474 793 511 828 in
539 791 654 828 Iliade
685 797 816 827 mortes
843 796 878 827 et
908 790 1047 826 mittere
1075 795 1110 825 et
1142 795 1303 826 avertere
1332 788 1512 825 videmus.
1580 788 1787 826 Exornavit
1819 787 1914 823 hauc
1952 789 2166 825 sententiam

379 859 554 907 imprimis
580 858 799 894 Rlausenius
827 856 853 892 l.
883 869 916 891 c.
948 869 985 904 p.
1007 854 1093 891 262
1112 869 1214 905 sqq.,
1244 855 1309 891 ubi
1332 854 1422 891 -licet
1448 868 1522 892 uon
1547 867 1591 893 eo
1614 868 1733 905 usque
1759 853 1955 905 procedat,
1982 860 2023 892 ut
2045 855 2166 905 ipsum

374 924 496 961 Ditem
533 929 667 974 patrem
703 935 723 958 a
751 920 894 972 Sibylla
930 933 1013 957 cum
1046 919 1223 972 Apolline
1259 921 1453 959 confusum
1488 933 1571 958 esse
1602 920 1727 958 credat
1765 920 1825 971 (es
1862 920 1910 957 ist
1942 920 2163 973 keinemveqs

375 990 586 1040 1ιΙΙαιιΙιΙίεΙι,
622 991 706 1025 dass
732 989 792 1025 die
817 988 964 1037 Sibylle
989 989 1120 1026 Hades
1147 991 1227 1026 und
1251 989 1422 1039 Apollon
1448 988 1646 1026 vermis-clii
1673 988 1814 1039 habe),
1856 987 1950 1025 idem
1985 995 2105 1026 tamen
2132 996 2168 1026 et

376 1057 509 1106 primae
536 1055 700 1092 ludorum
729 1055 1008 1092 Terentinorum
1036 1056 1252 1093 institutioni
1280 1069 1325 1093 ex
1351 1055 1413 1093 illa
1437 1055 1602 1107 Sibyllae
1629 1054 1750 1092 indole
1782 1055 1905 1091 nescio
1932 1054 2020 1105 quid
2048 1054 2166 1105 Apol-

373 1124 485 1159 linare
508 1123 704 1159 admixtum
733 1136 810 1159 esse
837 1122 1050 1169 hariolatur,
1081 1129 1117 1159 et
1144 1124 1181 1159 in
1209 1124 1291 1173 ipso
1319 1123 1479 1160 carmine
1503 1122 1681 1159 saeculari
1705 1120 1917 1172 Apollinem
1946 1129 1982 1159 et
2008 1122 2166 1159 Dianam

373 1197 519 1240 propter
546 1203 586 1226 ea
613 1191 765 1226 maxime
792 1189 885 1227 mala
912 1190 1073 1227 invocari
1102 1191 1309 1238 contendit,
1347 1203 1502 1241 quorum
1535 1188 1844 1241 prohibendorum
1873 1202 1981 1226 causa
2008 1188 2061 1227 illi
2089 1189 2167 1227 ludi

372 1257 418 1292 ab
446 1258 545 1293 initio
571 1258 725 1293 instituti
753 1257 900 1304 suerint,
931 1262 1113 1307 postremo
1141 1263 1178 1294 et
1205 1257 1295 1294 illud
1323 1259 1466 1307 repetit,
1497 1256 1596 1307 quod
1623 1257 1790 1307 superius
1805 1256 1884 1307 jam
1911 1256 2163 1304 refutavimus,

373 1323 417 1360 de
444 1322 606 1373 pluribus
639 1324 870 1374 antiquorum
906 1323 1077 1361 ludorum
1104 1324 1300 1375 generibus
1328 1326 1366 1361 in
1394 1323 1557 1376 Augusti
1585 1322 1834 1361 saecularibus
1861 1324 2070 1374 permixtis,
2112 1324 2164 1361 cf.

372 1403 410 1438 p.
439 1387 545 1426 265:
585 1390 701 1427 durch
730 1391 811 1428 ilo-e
837 1390 1085 1443 Einwirkuny
1113 1392 1261 1429 werden
1290 1392 1352 1429 die
1379 1390 1642 1442 urspriinqliclt
1668 1390 1859 1428 vielleicht
1883 1390 2167 1429 verscIu‘edenen

374 1455 501 1504 Spiele
529 1457 744 1503 combinirt,
784 1459 865 1493 uml
891 1458 987 1494 olme
1018 1460 1089 1495 den
1121 1460 1195 1495 Dis
1220 1460 1300 1495 und
1327 1460 1388 1495 die
1417 1459 1560 1494 Libera
1594 1472 1662 1494 aus
1698 1459 1815 1495 ilirem
1841 1458 1987 1494 Rechte
2013 1472 2059 1494 zu
2086 1472 2165 1494 ver·

374 1524 559 1574 driinqen,
597 1525 664 1560 das
698 1525 809 1562 ilmen
840 1526 987 1563 sowolal
1020 1527 1081 1563 bei
1114 1528 1185 1564 den
1219 1526 1504 1564 terentinischen
1532 1524 1709 1576 Spielen,
1750 1526 1812 1563 die
1844 1526 1964 1563 wider
1995 1525 2168 1563 Seuclten

373 1591 450 1626 und
470 1590 674 1641 Proda'qn'en
706 1593 812 1628 biiscr
838 1593 990 1640 Blitze,
1030 1593 1087 1629 uls
1116 1594 1177 1629 bei
1199 1595 1272 1630 den
1300 1593 1534 1640 taurischen,
1576 1592 1716 1629 welche
1743 1594 1861 1629 wider
1891 1593 2167 1644 Feltheburlen

373 1659 565 1707 cinqeselzt
587 1672 632 1693 zu
656 1672 743 1708 seyn
769 1660 967 1706 scheinen,
997 1674 1070 1697 von
1098 1661 1229 1698 Allers
1257 1661 1324 1697 laer
1346 1661 1595 1711 zuqestcmden
1624 1661 1744 1697 haben
1774 1661 1893 1707 wird,
1931 1660 2027 1697 olme
2052 1661 2166 1710 Jupi-

374 1731 429 1761 ter
455 1725 531 1760 und
557 1725 675 1772 Juno,
707 1726 847 1764 welche
875 1728 936 1764 hei
965 1729 1036 1765 den
1065 1729 1276 1765 tam-iselam
1303 1727 1460 1778 Spielen
1489 1727 1734 1765 vermutldicl·
1756 1728 1958 1780 fiiilzzeitiq
1984 1727 2041 1765 als·
2064 1727 2166 1765 Elae-

372 1792 490 1842 {Jiitler
520 1793 718 1845 anqcrusen
748 1794 855 1842 sind,
893 1795 931 1831 in
963 1795 1035 1832 den
1064 1794 1245 1832 Schatlen
1275 1808 1321 1831 zu
1357 1794 1513 1843 stellein,
1548 1795 1611 1831 die
1643 1807 1715 1832 von
1745 1795 1814 1831 der
1843 1794 1991 1846 Sibylle
2017 1795 2169 1847 qelleml

373 1860 584 1907 {lernae-laten
615 1860 746 1897 Giitter
777 1861 902 1910 Apoll
930 1864 1010 1898 und
1040 1864 1169 1899 Diana
1205 1863 1378 1912 allmc‘z‘lae'q
1407 1877 1457 1899 an
1489 1863 1551 1899 die
1579 1869 1673 1899 erste
1701 1862 1822 1899 Stelle
1849 1864 2028 1912 qebrucltt
2054 1877 2165 1913 semi,-

376 1925 495 1962 imlem
517 1926 578 1962 tlae'e
604 1926 856 1977 sibyllinisclte
877 1927 1107 1981 Auffassunq
1129 1929 1242 1967 selbst
1270 1930 1352 1968 eine
1375 1928 1634 1982 Anlmiipfunq
1662 1929 1726 1966 des
1749 1927 1894 1979 Apollo
1921 1943 1971 1967 em
1999 1930 2071 1967 den
2093 1929 2167 1968 Dis

376 2005 424 2034 un
452 1993 512 2028 die
536 1993 653 2029 Hand
679 1995 774 2044 qab,
820 1996 942 2032 imlem
974 1996 1102 2033 Diana
1132 1997 1190 2033 als
1214 1997 1386 2044 Lucina,
1424 1997 1695 2048 Mondqiiltinn
1721 1997 1801 2033 tund
1826 1996 2078 2047 Sillanqiillinn
2106 1998 2168 2034 die

377 2059 473 2094 'teste
507 2059 743 2110 Beli-eierinn
778 2074 849 2097 von
882 2063 1115 2113 Missqebncrt
1149 2065 1229 2100 und
1264 2064 1410 2101 Seuelte
1445 2065 1596 2111 schien,
1638 2065 1762 2101 indem
1799 2063 1923 2114 Apoll
1960 2064 2070 2101 theils
2109 2064 2167 2101 als

376 2125 623 2176 Seuchenqott
655 2129 733 2163 venel
763 2128 933 2179 Heilqoll
967 2131 1059 2167 iiber
1087 2131 1148 2168 die
1179 2130 1351 2168 Seue-lien
1380 2132 1512 2182 qebot,
1554 2131 1664 2168 tlaeils
1696 2130 1755 2168 als
1773 2130 2043 2182 juqendlt‘cloer
2075 2130 2167 2168 Gon

375 2192 454 2227 sich
486 2205 553 2227 zm·
585 2192 626 2228 V
623 2195 895 2245 orslamlsclmfi
922 2197 989 2232 der
1024 2197 1226 2247 Ucbunqen
1242 2199 1511 2248 juqendliclcer
1537 2197 1696 2244 Stiirlce,
1723 2197 1865 2235 welche
1892 2198 1953 2234 bei
1980 2199 2052 2235 den
2084 2204 2165 2234 tau-

376 2258 521 2294 riselam
550 2257 702 2308 Spielen
730 2261 994 2299 laen-Iciimmlicla
1023 2276 1171 2310 waren,
1203 2264 1321 2315 volliq
1349 2266 1504 2315 eiquete.
1561 2265 1607 2301 In
1635 2263 1692 2301 his
1720 2275 1809 2301 vero
1833 2264 1991 2314 primum
2018 2263 2165 2314 quidem

378 2322 466 2360 illud
493 2322 648 2362 hominis
674 2326 908 2364 temeritatem
939 2327 1014 2378 jam
1048 2330 1136 2367 satis
1174 2336 1296 2380 notat,
1336 2330 1436 2382 quod
1464 2336 1732 2383 praeposteram
1759 2329 1961 2382 Hartuugii
1988 2331 2166 2382 suspicio-

378 2403 459 2425 nem
479 2398 638 2439 secutus,
668 2406 776 2442 quem
797 2395 877 2443 ipse
903 2397 1023 2431 omnia
1042 2398 1249 2435 confudisse
1277 2400 1404 2436 merito
1431 2400 1564 2449 arguit,
1595 2399 1754 2436 Taurios
1782 2411 1927 2448 quoque
1955 2398 2063 2436 ludos
2091 2413 2165 2436 nou

380 2456 571 2496 immiscuit
595 2465 757 2508 tantum,
795 2474 920 2498 verum
947 2463 1052 2500 etiam
1080 2463 1225 2516 longius
1258 2479 1477 2518 progressus
1513 2465 1597 2504 talia
1632 2464 1678 2503 de
1711 2465 1755 2503 iis
1788 2466 1971 2514 narravit,
2010 2479 2165 2518 quorum

381 2536 486 2560 nemo
508 2537 553 2561 ex
574 2527 785 2577 antiquitate
805 2534 932 2566 auctor
954 2535 1031 2577 est3
1060 2530 1190 2569 deinde
1217 2546 1285 2570 nec
1312 2547 1406 2583 quae
1434 2534 1479 2571 de
1497 2533 1652 2581 Orcino,
1677 2534 1709 2570 si
1736 2532 1804 2570 diis
1829 2533 1963 2583 placet,
1993 2533 2165 2584 Sibyllini
