2382 3016
1239 177 1314 222 24

378 299 495 345 ludis,
526 309 681 348 quorum
709 296 877 341 extremi,
909 294 938 329 si
961 293 1107 329 Livium
1132 292 1340 341 sequimur,
1373 291 1448 327 fere
1473 298 1609 341 septem
1637 293 1740 331 annis
1768 298 1850 329 ante
1878 293 2062 343 Scipionis
2085 305 2168 330 cen-

379 368 499 403 s'uram
528 365 616 401 facti
642 369 748 411 sunt,
788 362 858 400 tale
893 365 1211 411 temperamentum
1242 357 1403 394 nondum
1440 356 1641 395 adhibitum
1672 364 1749 405 est,
1785 371 1853 395 nec
1882 372 1969 395 sane
1996 361 2059 410 qui
2087 366 2171 410 post

379 433 590 482 Scipionem
627 429 671 466 ad
707 444 782 466 rem
818 427 998 480 publicam
1028 430 1284 471 accesserunt,
1324 423 1432 475 liujus
1468 424 1748 463 moderationem
1785 424 1854 461 sibi
1887 433 2167 476 proposuerunt,

379 499 493 535 ‹lonec
526 498 720 547 Augustus
753 497 790 532 id
818 496 915 546 quod
948 494 1073 543 Scipio
1100 493 1319 542 expetiverat
1355 491 1453 527 velut
1485 497 1603 528 ratum
1632 491 1792 539 faceret,
1832 493 2015 543 missaque
2042 494 2169 529 insana

381 566 506 601 linium
542 563 839 614 prolatandorum
876 561 1044 611 cupidine
1080 572 1221 596 omnem
1258 571 1380 595 curam
1418 557 1463 594 ad
1500 559 1676 594 internam
1714 558 1853 608 imperii
1887 558 2169 597 incolumitatem

382 636 622 668 converteret.
686 629 770 677 Qua
799 629 844 666 de
870 642 908 666 re
937 627 1216 678 insignissimum
1243 624 1487 662 testimoninm
1515 629 1631 661 exstat
1656 624 1788 660 Dionis
1814 623 1935 662 Cassii
1957 624 2065 663 LVI.
2097 626 2169 674 55,

384 700 446 749 qui
474 705 666 748 postquam
695 697 874 742 narravit,
904 693 1001 745 quod
1029 694 1182 728 Tacitus
1210 704 1354 742 quoquc
1381 691 1490 727 tradit
1517 690 1624 727 Ann.
1649 691 1682 726 1.
1708 690 1780 738 1l,
1812 693 2023 729 morientem
2052 694 2170 730 consi-

382 767 469 802 lium
498 764 662 810 dedisse,
702 769 742 799 ut
770 763 933 800 contenti
953 765 1144 811 praesente
1167 759 1321 810 fortuna
1344 757 1438 807 fines
1467 758 1617 807 imperii
1645 757 1802 794 ulterius
1824 760 1996 810 proferre
2029 773 2075 795 ne
2109 773 2171 796 cu·

381 837 532 882 pereat,
564 833 680 871 τοῦτο
706 828 803 881 γάρ,
832 828 968 878 inquit,
998 823 1069 867 καὶ
1097 822 1215 866 auris
1242 821 1359 864 ὅντως
1386 821 1452 864 αἐί
1476 839 1578 864 ποτε
1601 821 1644 865 ου’
1672 822 1784 878 λόγῳ
1812 822 1925 874 μόνον
1952 822 2076 865 α’λλοί
2101 827 2171 866 καὶ

358 950 362 953 ²
382 900 486 952 ἔργῳ
522 894 703 949 ἐτήρησε·
738 893 863 948 παρὸν
900 896 994 941 γοῦν
1030 889 1144 945 αὐτῷ
1177 889 1325 932 πολλά
1359 893 1405 930 ἐκ
1441 894 1513 931 τοῦ
1548 890 1806 945 βαρβαρικοῦ
1836 890 2170 946 προςκτῆσασθαι

384 963 452 1006 οὐκ
487 962 690 1012 ἤθέλησεε
732 966 939 1012 quantoque
967 958 1101 1009 majore
1132 958 1252 995 studio
1286 959 1524 995 constantiam
1551 966 1587 996 et
1613 960 1878 1011 integritatem,
1916 973 2025 1011 quam
2052 961 2170 997 incre-

386 1039 502 1070 menta
530 1033 581 1068 rei
608 1028 774 1081 publicae
798 1027 1006 1078 expetierit,
1050 1027 1165 1078 ipsius
1193 1024 1351 1063 edictum
1383 1032 1536 1063 testatur
1570 1026 1667 1077 apud
1699 1027 1854 1065 Sueton.
1884 1040 1919 1063 c.
1946 1026 2025 1074 28,
2066 1027 2172 1079 cujus

384 1099 490 1137 fidem
520 1112 562 1135 ac
585 1096 824 1134 sinceritatem
851 1093 942 1131 nulli
966 1092 1180 1131 dubitationi
1208 1092 1401 1130 obnoxiam
1429 1106 1510 1131 esse
1533 1095 1661 1132 merito
1686 1093 1825 1146 judicat
1845 1094 2056 1132 Loebellius
2081 1095 2172 1133 iiber

384 1167 446 1204 das
474 1166 664 1216 Principat
692 1163 755 1201 des
782 1161 975 1214 Augustus
1011 1162 1048 1198 in
1084 1161 1259 1198 Raumeri
1295 1160 1426 1198 histor.
1462 1161 1734 1198 Tasclienbucli
1763 1175 1798 1198 a.
1831 1160 1958 1211 1854,
1992 1175 2030 1213 p.
2058 1161 2167 1199 245:

385 1237 436 1271 ila
465 1234 557 1270 milei
581 1233 720 1268 saluam
749 1243 793 1267 ac
825 1231 998 1280 sospitem
1025 1242 1102 1265 rem
1131 1228 1322 1279 publicam
1347 1229 1475 1265 stetere
1503 1229 1542 1264 ιἰι
1569 1242 1637 1265 sua
1667 1230 1753 1265 sede
1784 1229 1916 1276 liceat,
1956 1235 2066 1282 atquc
2094 1231 2173 1281 ejus

384 1301 440 1338 rei
460 1301 623 1352 [ructum
646 1298 853 1348 percipere,
885 1309 990 1348 quem
1015 1302 1127 1345 peto,
1167 1301 1207 1331 ut
1235 1296 1368 1345 optimi
1393 1302 1510 1332 status
1544 1302 1676 1333 auctor
1709 1296 1839 1343 dicar,
1881 1303 1917 1333 et
1944 1298 2105 1333 moriens
2132 1303 2173 1334 ut

381 1371 499 1419 seram
526 1379 663 1402 mecum
690 1378 806 1414 spem,
836 1376 1012 1399 mansura
1034 1363 1073 1398 ιή
1093 1362 1247 1413 vestiqio
1268 1375 1336 1398 suo
1357 1363 1601 1413 simulamenta
1623 1364 1681 1399 rei
1698 1363 1889 1414 publicae,
1917 1377 2011 1416 quae
2023 1365 2168 1415 Jecero.

385 1434 507 1483 Atque
531 1432 600 1469 hoc
624 1438 679 1469 cst
699 1430 797 1481 quod
819 1430 999 1468 Horatius
1022 1442 1168 1479 quoque
1197 1429 1293 1465 bona
1309 1430 1395 1478 jam
1416 1430 1579 1479 peractis
1603 1431 1687 1481 fata
1703 1430 1822 1481 jtenqi
1841 1429 1920 1466 vult
1941 1429 2171 1482 Augustum-

384 1514 453 1552 que
480 1498 643 1550 quamvis
670 1498 831 1536 bellante
854 1498 1036 1549 priorem,
1066 1495 1220 1534 eundem
1244 1502 1363 1533 tamen
1383 1498 1572 1547 jacentem
1600 1499 1638 1534 in
1662 1498 1801 1535 hostem
1825 1498 1941 1535 lenem
1965 1498 2169 1548 praedicat3

383 1575 437 1605 sat
465 1580 592 1618 magna
612 1566 691 1617 jam
717 1571 772 1603 est
798 1565 1026 1616 imperatoris
1055 1564 1266 1612 auctoritas,
1297 1564 1357 1600 cui
1384 1562 1442 1601 vel
1462 1564 1540 1602 sine
1568 1563 1664 1602 bello
1690 1565 1816 1616 paucis
1843 1572 1926 1603 ante
1948 1567 2054 1603 annis
2078 1567 2172 1604 Par-

384 1636 434 1673 tlii
460 1637 590 1672 amissa
619 1633 687 1670 sub
714 1633 849 1671 Crasso
878 1633 983 1684 signa
1011 1633 1265 1679 restituerant,
1296 1630 1472 1683 cujusque
1489 1634 1576 1684 jam
1599 1632 1761 1683 Scythae
1787 1646 1964 1684 responsa
1985 1636 2174 1684 petierunt

385 1703 602 1753 superbique
627 1715 744 1752 nuper
769 1701 886 1749 Incli3
915 1712 982 1738 uec
1009 1700 1041 1736 si
1069 1698 1200 1736 melius
1227 1712 1370 1749 semper
1398 1699 1436 1735 in
1462 1713 1590 1736 aevum
1614 1713 1691 1736 rem
1714 1699 1926 1737 Romanam
1949 1700 2174 1753 Latiumque

382 1770 475 1820 [elix
497 1770 696 1818 pron-oquri
718 1767 842 1819 jubet,
873 1767 919 1804 ad
947 1765 1264 1816 amplificationem
1286 1767 1427 1817 imperii
1450 1773 1611 1816 spectat,
1642 1766 1705 1803 sed
1730 1766 1777 1803 ad
1805 1780 1924 1804 mores
1951 1774 1987 1805 et
2011 1768 2172 1804 civilium

388 1837 557 1872 virtutum
586 1841 799 1885 augmenta,
835 1848 925 1885 quas
953 1833 1015 1870 diu
1043 1831 1227 1883 neglectas
1255 1846 1354 1869 nunc
1380 1832 1524 1870 demum
1552 1835 1676 1871 redire
1702 1834 1841 1871 (cudere
1867 1834 2083 1887 beatamque
2112 1848 2171 1871 co-

384 1904 483 1953 piam
520 1901 631 1952 pleno
669 1916 783 1939 eornm
817 1914 999 1953 apparere
1035 1900 1188 1938 dixerat.
1254 1900 1360 1938 llaec
1395 1901 1515 1937 omnia
1548 1907 1667 1938 autem
1705 1901 1888 1952 quomodo
1918 1901 1964 1938 ab
1997 1901 2173 1952 Apolline

388 1970 607 2020 potissimum
636 1975 908 2021 exspectentur,
947 1968 995 2005 ita
1027 1974 1165 2006 tantum
1191 1967 1391 2018 intelliges,
1429 1968 1461 2004 si
1488 1968 1596 2005 missa
1624 1968 1661 2005 vi
1687 1967 1846 2016 medica,
1884 1982 1956 2019 qua
1983 1969 2060 2006 sola
2086 1970 2172 2007 olim

392 2038 526 2073 Romae
555 2035 759 2083 colebatur,
796 2041 906 2073 totam
934 2035 1032 2073 illam
1060 2037 1180 2073 animo
1210 2034 1548 2085 comprehenderis,
1587 2050 1658 2087 qua
1694 2037 1787 2073 inter
1823 2035 1986 2073 Graecos
2022 2038 2173 2089 insignis

389 2110 486 2149 crat,
524 2103 718 2152 eademque
749 2117 856 2140 causa
884 2109 938 2140 est
964 2103 1126 2150 Dianae,
1164 2116 1257 2153 quae
1280 2103 1310 2139 si
1339 2116 1381 2138 eo
1406 2108 1544 2139 tantum
1573 2103 1679 2140 titulo
1711 2105 1963 2151 invocaretur,
2004 2117 2076 2155 quo
2107 2105 2173 2141 du·

390 2171 475 2208 dum
505 2172 542 2207 in
567 2170 751 2208 Aventino
779 2169 989 2222 Algidoque
1018 2169 1115 2207 culta
1149 2176 1247 2218 erat,
1286 2171 1347 2207 vix
1378 2177 1588 2222 appareret,
1628 2184 1701 2221 quo
1726 2171 1807 2222 jure
1833 2171 1895 2208 illa
1927 2184 1995 2221 pro
2023 2172 2174 2209 ,Iunone

390 2238 553 2274 subolem
580 2238 784 2286 producere
807 2243 1026 2288 patrumque
1061 2239 1208 2274 decreta
1242 2250 1354 2286 snper
1377 2237 1561 2287 juqumlae‘s
1591 2239 1742 2289 seminis
1772 2252 1994 2288 prosperare
2026 2245 2170 2288 posset,

392 2305 490 2355 quod
518 2306 555 2342 si
575 2304 611 2341 id
638 2304 792 2341 maxime
820 2304 990 2340 carminis
1016 2303 1212 2341 saecularis
1239 2303 1426 2354 interpreti
1453 2305 1676 2355 propositum
1704 2318 1782 2342 esse
1818 2304 1945 2351 debet,
1982 2311 2023 2341 ut
2054 2312 2172 2346 osten-

394 2372 472 2417 dat,
511 2371 693 2422 quomodo
718 2371 928 2421 peregrinae
952 2370 1144 2421 religiones
1171 2371 1208 2406 in
1233 2371 1321 2420 ipsis
1344 2370 1485 2408 Romae
1511 2373 1625 2409 sacris
1654 2371 1868 2408 tutelaribus
1896 2371 2016 2408 locum
2046 2385 2174 2422 capere

395 2440 589 2487 potuerint,
620 2438 758 2488 aliquid
784 2443 879 2474 certe
904 2437 950 2473 ad
974 2436 1070 2474 illins
1097 2436 1372 2474 illustrationem
1399 2453 1468 2476 nos
1497 2438 1736 2477 contribuisse
1759 2451 1958 2489 speramus.
