2382 3016
1042 236 1116 281 15

187 355 285 386 tutos
316 351 441 400 potius
475 362 584 402 quam
623 351 846 388 instauratos
883 357 994 403 atque
1032 363 1057 387 a
1090 351 1325 402 sequentibus
1361 351 1648 402 imperatoribus
1690 352 1897 390 celebratos
1939 362 1975 391 et

182 416 307 467 forma
334 421 371 453 et
392 416 469 467 sine
496 430 649 467 prorsus
675 417 839 454 diversos
871 417 988 469 fuisse
1022 417 1071 454 ab
1098 418 1169 464 iis,
1211 418 1278 469 qui
1305 419 1434 456 eodem
1463 420 1614 456 nomine
1647 424 1735 456 ante
1760 420 1974 471 Auqustum

184 490 452 533 memorentur-,-
492 482 542 520 cf.
577 482 694 521 Orell.
727 482 773 520 ad
803 484 938 522 Horat.
968 484 1020 521 Τ.
1045 484 1080 532 I,
1118 498 1157 535 p.
1185 483 1273 521 555
1308 491 1343 522 et
1368 485 1557 538 Hartnug.
1591 485 1619 522 Ι.
1654 499 1690 523 c.
1727 486 1784 534 II,
1823 501 1860 538 p.
1887 486 1969 524 97:

183 551 295 587 somit
317 563 443 587 waren
470 551 570 587 diese
596 550 749 600 Spiele,
792 552 854 589 die
875 564 948 588 von
980 551 1185 598 Claudius,
1224 565 1296 589 von
1329 552 1550 599 Domitian,
1593 554 1674 590 tmd
1706 567 1779 591 von
1809 554 1974 592 Severus

187 616 404 654 wiederlaolt
420 617 587 665 wurden,
615 617 698 654 eine
721 617 789 654 der
805 616 1019 655 Raieerzeit
1042 630 1136 669 qauz
1156 617 1280 655 ‘allein
1301 618 1613 669 eiqentltu'mlielze
1635 618 1855 658 Ceremonie
1872 627 1969 668 etc-3

184 682 231 719 de
257 684 378 720 causis
405 689 546 731 autem,
585 696 678 734 quae
712 683 814 721 illum
847 683 918 721 sub
944 683 1150 721 Octaviano
1183 684 1230 721 ad
1265 690 1404 722 tantum
1440 684 1562 723 subito
1597 686 1747 724 honoris
1783 687 1970 739 fastigium

183 750 381 796 evexerint,
411 751 589 787 neminem
617 751 763 786 memini
789 751 849 787 cui
870 763 996 786 verum
1022 749 1227 787 suboluisse
1252 751 1416 787 videatur
1443 757 1586 801 praeter
1612 752 1793 789 Jahnium
1821 755 1858 790 in
1881 767 1970 790 cen-

183 828 269 852 sura
295 814 408 852 libelli
435 815 653 853 Steiueriani
679 815 730 853 N.
755 814 850 853 Jbb.
880 815 932 853 T.
959 815 1156 862 XXXIV,
1190 830 1228 866 p.
1259 815 1367 864 472,
1407 816 1471 854 ubi
1505 818 1671 867 quamvis
1709 832 1775 868 pro
1801 820 1970 857 instituto

181 894 250 919 suo
277 894 355 918 rem
385 882 500 932 ipsam
534 881 678 933 longius
704 882 872 933 persequi
905 894 978 918 non
1014 882 1195 932 potuerit,
1241 889 1360 920 tamen
1392 889 1429 920 et
1462 882 1554 920 illud
1587 897 1740 934 prorsus
1771 898 1817 933 εις
1843 891 1969 922 nostra

182 949 360 986 sententia
396 950 556 996 monuit,
598 950 704 987 etiam
740 949 963 986 accuratiore
989 949 1223 998 inquisitione
1255 962 1347 999 opus
1375 963 1474 996 esse,
1517 964 1584 988 cur
1610 950 1752 1001 Apollo
1779 958 1815 989 et
1845 952 1966 988 Diana

182 1011 407 1065 potissimum
430 1016 468 1052 iu
488 1016 634 1054 Horatii
655 1016 814 1053 carmine
835 1014 1013 1053 saeculari
1036 1015 1263 1063 invocentur,
1289 1022 1325 1053 et
1343 1015 1538 1053 lectoribus
1555 1016 1602 1053 ad
1621 1017 1767 1068 Virgilii
1785 1017 1966 1068 Eclogam

182 1088 347 1132 quartam
375 1083 533 1120 remissis
559 1097 639 1120 eam
661 1083 757 1119 viam
783 1080 978 1128 indicavit,
1013 1094 1106 1132 quae
1132 1081 1237 1120 nobis
1264 1096 1431 1133 qnoque,
1472 1084 1611 1133 quoties
1644 1083 1715 1121 hac
1744 1084 1790 1121 de
1818 1098 1858 1122 re
1883 1084 1966 1121 dili·
2043 1109 2046 1111 -

180 1150 326 1200 gentius
351 1150 610 1199 quaesivimus,
640 1149 746 1185 unice
766 1154 864 1185 recta
888 1148 963 1184 visa
987 1153 1054 1185 est.
1111 1148 1206 1185 Nam
1234 1148 1333 1199 quod
1357 1149 1648 1187 Mitscherlicliio
1675 1151 1814 1201 placuit
1838 1152 1889 1188 T.
1907 1152 1961 1197 11,

182 1229 219 1265 p.
242 1213 352 1262 645,
377 1215 607 1252 subtiliorem
632 1228 755 1252 rerum
781 1213 1008 1251 naturalium
1035 1215 1279 1265 cognitionem
1305 1217 1484 1268 effecisse,
1513 1222 1555 1253 ut
1581 1216 1766 1253 matonam
1789 1218 1963 1267 physico·

183 1295 286 1328 rum,
325 1282 484 1319 maxime
515 1281 749 1332 pestilentiae
776 1286 813 1318 et
843 1279 1050 1317 sterilitatis
1076 1292 1249 1330 aqrorum
1279 1282 1556 1331 prohibendae,
1597 1283 1756 1334 itemque
1782 1284 1964 1320 ubertatis

182 1362 227 1384 ae
253 1349 424 1385 satzitatis
450 1348 642 1398 auqendae
670 1352 705 1384 et
731 1347 1003 1384 conservandae
1028 1359 1160 1384 causae
1186 1360 1210 1383 a
1235 1347 1315 1384 sole
1341 1354 1377 1385 et
1404 1348 1492 1384 lunia
1516 1355 1809 1395 arcesserentur,
1845 1362 1963 1399 eoque

183 1414 291 1452 modo
319 1415 509 1451 imminuto
535 1414 686 1466 antiquo
712 1412 817 1451 Ditis
843 1418 879 1452 et
904 1412 1155 1462 Proserpinae
1183 1413 1336 1460 honore,
1365 1413 1508 1464 Apollo
1536 1420 1573 1451 et
1598 1413 1729 1451 Diana
1753 1415 1897 1464 primas
1922 1415 1962 1451 in

182 1482 314 1518 ritibus
345 1481 599 1518 saecularibus
622 1486 748 1529 partes
782 1481 1011 1529 acciperent,
1049 1481 1213 1529 quamvis
1242 1481 1427 1530 ingeniose
1453 1483 1696 1531 excogitatum
1721 1482 1792 1527 sit,
1835 1482 1959 1530 ipsum

179 1553 300 1584 tamen
331 1560 453 1584 senem
481 1545 744 1593 venerabilem,
780 1544 886 1596 cujus
917 1551 959 1583 ut
983 1558 1126 1595 semper
1152 1544 1386 1583 eruditionem
1414 1552 1449 1583 et
1473 1545 1681 1583 facundiam
1708 1547 1879 1596 suspexi,
1909 1548 1959 1583 ita

179 1627 277 1651 nuuc
303 1613 559 1651 humanitatem
587 1619 624 1651 et
650 1611 844 1650 candorem
872 1625 938 1662 per
966 1612 1215 1649 suavissimam
1241 1612 1541 1650 uecessitudinem
1571 1625 1694 1649 coram
1720 1613 1877 1664 cognovi
1906 1635 1959 1641 —

177 1682 320 1730 ipsum,
360 1681 529 1730 inquam,
563 1679 653 1716 mihi
679 1691 937 1717 concessurum
961 1691 1041 1716 esse
1064 1678 1242 1725 arbitror,
1271 1680 1441 1716 carminis
1465 1680 1660 1716 Hei-atiani
1686 1692 1816 1728 preces
1842 1680 1958 1717 multo

177 1748 298 1783 minus
332 1745 380 1783 ad
416 1748 510 1784 vires
533 1745 702 1783 ’sidereas
733 1758 927 1795 rerumque
957 1751 1121 1781 naturam
1155 1750 1253 1781 recte
1289 1744 1580 1795 temperandam,
1620 1757 1730 1794 quam
1762 1743 1811 1780 ad
1846 1745 1957 1781 vitam

177 1812 370 1850 humanam
395 1826 586 1863 moresque
611 1818 648 1850 et
673 1812 814 1862 imperii
836 1810 1058 1861 majestatem
1085 1816 1270 1860 spectare,
1303 1824 1396 1860 quae
1422 1812 1523 1862 ipsa,
1559 1823 1634 1861 quo
1660 1810 1808 1861 longius
1833 1824 1956 1848 rerum

176 1880 336 1930 cog-nitio
363 1878 611 1930 philosophica
639 1890 829 1929 progressa
859 1882 958 1924 erat,
1001 1890 1044 1914 eo
1071 1877 1190 1914 minus
1222 1877 1268 1913 ad
1296 1876 1385 1914 solis
1417 1883 1453 1914 et
1483 1877 1592 1914 lunae
1617 1878 1869 1914 auctoritatem
1896 1891 1956 1915 re·

177 1947 262 1984 ferri
290 1952 474 1996 poteraut3
510 1959 579 1984 nec
602 1959 714 1996 quum
742 1951 883 1994 praeter
909 1944 1119 1994 Apollinem
1142 1950 1178 1981 et
1204 1944 1359 1980 Dianam
1388 1945 1493 1981 etiam
1521 1950 1682 1980 veterum
1711 1944 1861 1982 deornm
1889 1944 1956 1982 ho-

177 2025 281 2051 nores
311 2012 431 2049 illaesi
456 2013 676 2057 manserint,
712 2010 765 2047 illi
791 2011 829 2047 in
856 2010 978 2048 locum
1005 2009 1135 2046 horum
1160 2011 1379 2046 successisse
1408 2008 1647 2058 videbuntur3
1684 2011 1742 2047 siu
1769 2012 1857 2061 quis
1882 2012 1956 2049 Zo-

176 2080 306 2116 simum
333 2085 503 2126 secutus,
541 2079 604 2127 qui
629 2076 826 2114 saecularia
852 2088 956 2112 sacra
981 2074 1074 2128 πρὸς
1100 2077 1247 2124 λοιμῶν
1276 2073 1348 2115 καὶ
1374 2075 1538 2129 φθορῶν
1560 2076 1631 2116 καὶ
1654 2074 1773 2117 νόσων
1800 2075 1957 2119 α’κέσεις

176 2148 381 2188 συντελεῖν
406 2146 476 2193 ait,
508 2159 575 2196 per
601 2144 708 2182 talem
735 2144 962 2181 occasionem
987 2143 1095 2180 etiam
1121 2139 1333 2192 Apollinem
1356 2143 1467 2180 taceri
1495 2143 1654 2193 potuisse
1679 2150 1811 2195 neget,
1845 2158 1955 2196 quem

175 2214 294 2265 ipsum
317 2225 463 2251 carmen
489 2210 673 2249 saeculare
698 2209 858 2248 subitari
878 2216 959 2247 arte
981 2210 1099 2262 fessos
1122 2222 1317 2260 corporum
1344 2215 1446 2246 artus
1474 2209 1599 2247 levare
1623 2210 1829 2261 praedicet,
1868 2211 1955 2249 hnic

175 2281 244 2318 soli
269 2280 422 2318 consilio
451 2286 589 2317 veteres
614 2278 698 2316 illae
725 2279 843 2328 campi
866 2276 1035 2314 Flaminii
1068 2278 1290 2314 ceremoniae
1320 2276 1571 2325 sufficiebant,
1600 2292 1714 2315 novas
1740 2280 1779 2315 in
1811 2279 1956 2317 Palatio

176 2347 283 2385 condi
306 2361 400 2397 opus
427 2360 499 2385 nou
524 2347 664 2393 fuerat,
698 2358 816 2395 neque
841 2345 961 2394 ipsum
987 2344 1182 2382 Horatium
1210 2344 1300 2381 illud
1326 2346 1552 2395 potissimum
1576 2346 1679 2396 sequi
1706 2345 1792 2383 inde
1817 2346 1952 2396 prodit,

175 2413 273 2464 quod
306 2426 374 2451 nec
405 2413 494 2451 alios
527 2412 613 2451 deos
639 2424 859 2450 aven-uncos
885 2412 1117 2459 memoravit,
1157 2417 1193 2449 et
1217 2411 1271 2448 illi
1305 2411 1374 2462 ipsi
1401 2410 1589 2461 Apollinis
1615 2412 1740 2449 virtuti
1773 2413 1834 2449 vix
1861 2412 1956 2451 duos

175 2481 268 2518 iuter
297 2482 523 2531 septuaginta
549 2492 614 2516 sex
646 2491 773 2516 versus
800 2478 1006 2515 destinavit.
1071 2477 1147 2524 At,
1192 2479 1382 2528 inquiunt,
1422 2477 1532 2515 iidem
1563 2477 1648 2516 libri
1674 2478 1849 2529 Sibyllini
1885 2479 1955 2517 hos

175 2537 320 2598 quoque
349 2547 456 2586 ludos
489 2546 691 2585 saeculares
717 2545 794 2583 fieri
819 2558 1037 2596 carmenque
1066 2545 1311 2583 Horatianum
1337 2558 1359 2582 a
1387 2544 1509 2595 pneris
1544 2544 1820 2597 virginibusque
1853 2546 1956 2584 lectis
