2382 3016
1045 236 1118 281 13

186 351 333 389 omnino
365 351 489 402 populi
522 352 679 389 Romani
713 352 830 403 potius
865 365 974 403 quam
1007 352 1125 404 plebis
1160 359 1196 391 et
1228 353 1443 391 Latinorum
1478 352 1544 390 dea
1580 351 1707 389 haberi
1736 359 1882 403 potest3
1925 353 1975 389 ef.

184 419 372 470 Hartung.
397 419 424 456 l.
444 432 479 456 e.
512 419 562 455 T.
581 420 635 466 11,
664 433 702 469 p.
722 418 826 456 210:
856 432 898 456 so
926 420 1108 458 erkennen
1131 422 1202 458 wir
1226 422 1325 468 Har,
1356 422 1441 457 dass
1463 420 1595 456 Diana
1622 420 1691 456 mit
1716 421 1788 457 den
1815 435 1862 457 zu
1890 419 1978 456 Ple-

187 486 311 536 bqjern
337 486 579 537 chordenen
607 484 793 523 sabinen-n
819 488 898 524 und
923 488 1105 525 Latinem
1138 487 1196 525 als
1230 488 1342 525 deren
1369 486 1656 538 Schulzqo'tti'nn
1690 487 1729 523 in
1761 486 1862 524 Rom
1897 487 1976 524 ein·

183 566 343 604 qezoqen
369 566 449 589 war
472 554 551 589 und
573 567 645 591 von
679 554 802 590 diesen
829 555 985 604 speeiell
1016 554 1162 592 verehrt
1187 556 1337 601 warde,
1366 553 1462 591 ohne
1487 555 1573 590 dass
1596 554 1658 590 die
1682 552 1975 604 Staalsreliqion

184 620 260 671 auf
277 619 331 655 sie
350 619 556 656 Riecksiclnt
580 632 793 671 qenommen
819 622 910 657 oder
932 622 992 658 ein
1016 621 1106 657 Fest
1133 621 1323 658 derselben
1351 620 1578 671 anqeordnet
1605 619 1720 657 hatte.
1778 621 1974 658 Postremo

181 686 260 735 ipsa
295 685 357 723 illa
391 699 581 723 munerum
616 685 804 734 confusio,
844 700 915 737 qua
947 687 1066 724 Diana
1094 688 1132 723 in
1159 688 1317 724 carmine
1344 686 1522 724 saeculari
1550 692 1587 723 et:
1611 699 1678 736 pro
1705 686 1813 723 Luna
1841 694 1877 724 et
1904 700 1973 737 pro

181 754 330 806 Ilithyia
356 755 558 802 invocatur,
586 752 764 791 Graecam
792 754 968 805 originem
989 753 1149 803 redolet3
1177 755 1364 792 Romanos
1390 756 1486 792 enim
1510 755 1640 792 Lunae
1664 753 1802 791 cultum
1830 768 1850 791 a
1878 754 1970 791 Dia-

180 833 248 857 nae
282 819 395 870 probe
429 820 632 859 distinxisse
665 827 763 858 recte
792 827 1009 858 monuerunt
1039 820 1307 857 Ambroschius
1335 820 1491 858 Studien
1518 820 1595 857 und
1625 819 1791 857 Andeut.
1823 835 1861 870 p.
1888 819 1968 857 161

180 894 218 925 et
242 887 429 925 Beckerus
456 888 501 925 de
527 889 640 925 muris
667 894 702 925 et
728 888 842 938 portis
868 901 907 937 p.
932 886 1003 935 77,
1034 900 1101 924 nee
1124 887 1287 924 Lucinae
1315 901 1446 925 nomen
1472 887 1549 924 illic
1576 887 1624 924 ad
1647 888 1804 924 Dianam
1831 887 1893 925 sed
1920 887 1969 924 ad

178 955 364 1000 Junonem
393 954 614 1004 pertinebat;
644 954 743 1004 quod
770 954 801 990 si
823 953 913 991 haec
936 955 1056 991 omnia
1080 967 1178 991 nnnc
1205 955 1242 990 in
1268 968 1375 991 unam
1397 956 1553 992 Dianam
1576 961 1839 1005 congeruntur,
1870 953 1966 991 hanc
1993 967 1996 971 ·

179 1033 325 1072 quoque
351 1027 499 1071 apparet
518 1020 596 1071 jam
623 1033 698 1057 non
728 1032 806 1056 eam
837 1026 976 1056 tantum
1008 1020 1101 1067 dici,
1144 1033 1236 1070 quae
1264 1020 1348 1057 olim
1376 1019 1601 1057 Aventinum
1631 1020 1885 1070 Algidumque
1912 1027 1966 1057 te·

178 1089 281 1135 uuit,
322 1089 381 1125 cui
408 1087 498 1124 nihil
526 1101 607 1125 cum
636 1086 811 1137 Apolline
839 1087 906 1124 deo
941 1100 1037 1124 mere
1072 1086 1216 1124 Graeco
1251 1100 1440 1124 commune
1475 1087 1566 1134 fnit,
1608 1086 1671 1123 sed
1705 1085 1816 1136 hujus
1844 1088 1965 1136 potius

177 1168 406 1204 germanam,
442 1154 600 1191 indidem
627 1153 828 1201 Graecam,
867 1166 959 1203 quae
982 1154 1146 1204 quamvis
1174 1153 1281 1190 facile
1308 1166 1390 1190 cum
1420 1160 1538 1190 vetere
1564 1153 1626 1190 illa
1649 1153 1783 1190 Latina
1808 1154 1963 1191 coaluis-

177 1227 252 1268 sct,
290 1234 387 1258 nunc
412 1227 532 1258 tamen
555 1233 629 1258 non
655 1219 767 1270 hujus·
789 1221 905 1271 magis
928 1221 1077 1269 merito,
1117 1234 1225 1271 quam
1255 1226 1403 1271 propter
1429 1220 1520 1257 illud
1551 1221 1772 1257 consortium
1801 1220 1962 1271 appella·

177 1294 258 1335 tur,
295 1301 369 1338 quo
396 1287 441 1325 ab
469 1287 641 1339 Augusto
668 1300 740 1324 una
768 1300 850 1324 cum
877 1285 1051 1337 Apolline
1078 1287 1189 1324 fratre
1216 1300 1259 1324 ae
1286 1293 1398 1323 matre
1424 1287 1566 1324 Latona
1600 1287 1637 1323 in
1669 1287 1843 1325 Palatino
1870 1295 1961 1325 tem-

177 1355 238 1404 plo
260 1361 471 1392 consecrata
493 1360 569 1392 erat
578 1368 590 1403 3
623 1355 674 1391 cf.
702 1355 872 1404 Propert.
894 1354 948 1390 11.
978 1352 1046 1391 51.
1077 1353 1144 1391 16.
1201 1353 1328 1405 Atque
1355 1355 1500 1390 omnino
1529 1354 1599 1390 hoc
1623 1360 1661 1390 et
1688 1368 1734 1392 ex
1757 1356 1848 1405 ipsis
1873 1356 1957 1393 Ho-

176 1422 258 1458 ratii
285 1421 405 1459 verbis
431 1420 643 1471 intelligitur
677 1426 712 1457 et
745 1434 766 1456 a
801 1420 918 1458 doctis
953 1421 1207 1471 interpretibus
1241 1421 1376 1458 dudum
1409 1421 1632 1458 intellectum
1668 1427 1746 1467 est,
1784 1423 1958 1472 gravissi·

177 1501 271 1524 mam
305 1489 342 1524 in
370 1494 442 1525 tota
475 1487 544 1525 hac
571 1488 780 1538 quaestione
810 1487 856 1525 de
881 1487 963 1525 loco
992 1486 1178 1538 Apollinis
1204 1489 1242 1524 in
1274 1489 1432 1525 carmine
1463 1487 1642 1524 saeculari
1676 1488 1853 1525 rationem
1879 1501 1958 1525 esse

176 1554 300 1605 templi
326 1554 506 1602 Palatini,
544 1567 618 1605 quo
645 1555 725 1604 ipso
761 1554 822 1592 ille
856 1555 917 1591 vix
951 1554 1124 1591 decennio
1158 1561 1240 1591 ante
1265 1555 1359 1590 intra
1387 1553 1511 1590 urbem
1539 1560 1707 1603 receptus
1733 1560 1770 1590 et
1796 1555 1834 1590 in
1862 1555 1957 1590 anti·

175 1622 348 1672 quissima
374 1621 452 1672 ejus
478 1627 579 1671 parte
605 1622 802 1658 collocatus
823 1628 912 1667 erat,
943 1622 992 1658 cf.
1014 1622 1058 1658 S.
1077 1621 1279 1656 Liirsenius
1307 1620 1352 1656 de
1380 1619 1514 1669 templo
1535 1626 1571 1655 et
1597 1619 1819 1656 bibliotheca
1835 1620 1956 1671 Apol-

174 1688 258 1725 linis
287 1688 469 1735 Palatini,
508 1689 761 1738 Franequerae
788 1687 914 1725 1709.
944 1687 995 1737 85
1034 1687 1238 1737 ibidemque
1274 1700 1418 1724 carmen
1454 1693 1615 1724 nostrum
1653 1692 1837 1723 cantatum
1874 1700 1956 1725 esse

174 1760 299 1791 contra
327 1753 655 1804 Schmelzkopfium
683 1760 781 1791 recte
810 1755 919 1791 evicit
941 1754 985 1790 J.
1012 1752 1060 1789 G.
1091 1753 1280 1790 Steinerus
1312 1752 1357 1789 de
1384 1753 1518 1790 Horat.
1553 1765 1666 1789 carm.
1697 1766 1796 1789 saec.
1827 1752 1951 1790 Conss.

173 1819 298 1856 1841.
330 1820 374 1866 4,
409 1834 447 1868 p.
472 1820 523 1866 5,
563 1820 839 1856 assentientibus
873 1826 909 1856 et
943 1818 1165 1856 Grotesendo
1198 1820 1236 1855 in
1273 1818 1454 1855 Zeitschr.
1491 1819 1521 1854 s.
1556 1818 1594 1854 d.
1624 1817 1792 1856 Alterth.
1825 1817 1950 1867 1841,

173 1900 212 1938 p.
235 1883 322 1924 902
349 1892 384 1924 et
408 1885 547 1924 Jahnio
573 1886 611 1922 in
637 1886 687 1923 N.
717 1884 811 1923 Jbb.
842 1883 969 1933 1842,
1000 1886 1049 1922 Τ.
1071 1884 1266 1932 XXXIV,
1295 1898 1333 1935 p.
1358 1882 1464 1934 4713
1493 1890 1530 1921 at
1552 1884 1683 1935 opinor
1712 1885 1769 1922 vel
1796 1887 1849 1923 sic
1877 1899 1952 1923 non

172 1966 215 1990 ea
237 1959 376 1990 tantum
403 1954 565 2003 quaestio
589 1958 715 1998 restat,
743 1951 831 2002 quid
857 1953 1106 2001 imperatorem
1131 1952 1297 1998 moverit,
1326 1957 1367 1986 ut
1390 1951 1599 2000 Apollinem
1625 1953 1853 2001 potissimum
1878 1961 1952 1990 tam

173 2027 326 2072 augusto
355 2022 392 2058 in
423 2020 505 2058 loco
534 2025 783 2066 consecraret,
815 2032 940 2057 verum
971 2020 1076 2057 etiam
1106 2019 1214 2070 longe
1240 2019 1386 2070 gravior
1419 2017 1504 2066 illa,
1542 2032 1609 2056 cnr
1635 2019 1673 2056 in
1702 2018 1953 2060 saecularibus

173 2100 318 2140 quoque
351 2087 560 2125 ceremoniis
602 2092 676 2125 tam
714 2086 874 2139 insignes
905 2084 992 2123 huic
1028 2091 1148 2137 partes
1179 2084 1340 2133 dederit,
1385 2084 1488 2136 cujus
1525 2084 1643 2122 nullas
1680 2092 1786 2123 antea
1819 2088 1858 2124 in
1887 2089 1951 2125 iis-

172 2155 255 2191 dem
284 2155 396 2191 fuisse
420 2155 605 2190 luculento
632 2155 808 2191 Varronis
835 2154 1039 2190 testimonio
1065 2153 1233 2189 vidimus.
1290 2154 1437 2201 Templi
1470 2155 1564 2189 enim
1597 2154 1814 2192 aedificandi
1841 2170 1950 2205 quam

171 2222 368 2261 Suetonius
397 2234 432 2259 c.
463 2218 520 2257 29
552 2226 587 2258 et
622 2220 696 2258 Dio
729 2217 875 2257 Cassius
904 2218 1056 2256 XLIX.
1089 2216 1143 2256 15
1181 2231 1328 2256 causam
1364 2218 1541 2267 afferunt,
1584 2225 1721 2270 partem
1759 2220 1951 2261 Palatinae

171 2289 299 2328 domus
330 2288 480 2325 fulmine
507 2287 615 2324 ictam
646 2299 747 2333 esse,
784 2298 936 2341 qnam-a
963 2285 1030 2322 deo
1062 2285 1257 2322 desiderari
1286 2285 1497 2335 haruspices
1524 2287 1800 2336 responderint,
1841 2291 1949 2326 etiam

170 2358 201 2393 si
229 2357 542 2401 oblivisceremur,
577 2354 695 2390 omnia
727 2352 835 2402 hujus
864 2354 1007 2402 generis
1032 2366 1202 2402 responsa
1232 2351 1303 2389 illis
1328 2352 1552 2402 temporibus
1577 2367 1650 2391 non
1675 2357 1792 2406 magis
1818 2356 1865 2392 ad
1891 2371 1948 2395 re-

169 2423 342 2475 ligiones,
381 2434 488 2473 quam
516 2420 563 2458 ad
591 2419 735 2458 occulta
767 2419 806 2456 in
833 2431 873 2456 re
903 2417 1049 2470 publica
1080 2417 1228 2455 consilia
1263 2419 1499 2469 pertinuisse,
1538 2419 1630 2456 illud
1661 2428 1758 2458 certe
1789 2422 1949 2474 amplius

97 2533 99 2535 v
170 2490 415 2542 quaerendum
443 2489 682 2540 relinqueret,
716 2502 783 2525 cur
806 2486 897 2524 nulli
921 2486 982 2523 alii
1010 2501 1055 2524 ex
1078 2501 1203 2525 eorum
1229 2501 1400 2535 numero,
1436 2488 1500 2537 qui
1529 2489 1674 2539 proprie
1700 2489 1783 2527 Itali
1811 2499 1946 2539 essent,

170 2559 288 2598 locum
325 2558 495 2596 divinitus
533 2556 770 2595 desideratum
803 2554 1036 2603 destinasset,
1084 2567 1149 2592 nec
1182 2554 1282 2607 quod
1318 2554 1520 2592 Liirsenius
1554 2555 1754 2594 seeundum
1788 2558 1948 2610 Proper-
