2382 3016
650 265 772 307 Raro
804 265 946 322 prima
976 269 1123 306 tamen
1154 263 1365 305 Phoebeo
1398 264 1516 306 clara
1545 265 1687 306 nitore

711 332 921 386 Saecula,
954 346 1037 373 nec
1067 337 1244 374 noctem
1270 332 1456 374 Lucifer
1485 338 1585 374 ante
1617 334 1758 375 venit:

652 401 765 442 Orbi
799 406 1017 442 rectorem
1048 401 1230 458 propria
1261 400 1315 442 de
1347 401 1484 458 stirpe
1513 401 1694 443 daturus

706 468 925 511 Parvulus
957 484 1109 511 eversa
1141 468 1272 511 Julus
1303 471 1357 510 ab
1390 470 1497 511 urbe
1527 468 1666 526 fugit,

651 537 923 594 Templaque
956 537 1139 578 secretis
1170 536 1331 578 donata
1361 537 1603 579 Penatibus
1634 538 1775 579 Albae

711 605 871 661 Longa
899 605 1102 646 Palatina
1132 610 1306 661 separat
1335 604 1442 646 aede
1474 604 1595 658 dies,

650 673 751 729 Ipsa
780 688 957 729 gravem
988 678 1163 728 gestans
1194 672 1371 728 gemino
1400 671 1576 713 Titania
1609 678 1804 715 ventrem

713 739 917 782 Pondere
950 739 1143 782 ‚Iunonis
1177 740 1315 781 sensit
1344 740 1473 796 inops
1505 740 1698 794 rabiem,

653 810 826 865 Fasque
858 822 1018 848 novum
1049 806 1214 849 mundo
1246 806 1470 864 spondeus
1500 806 1693 848 Latonia
1723 811 1872 865 proles

711 876 775 918 Os
806 874 973 931 puerile
1005 890 1115 932 vago
1146 875 1332 932 protulit
1362 874 1408 914 in
1439 874 1640 930 scopulo.

653 945 691 984 T
694 959 717 984 e
748 957 948 999 quoque,
982 942 1051 983 his
1082 943 1209 983 denis
1239 942 1418 994 lustris,
1450 941 1673 998 Erlanga,
1706 946 1899 999 peractis

710 1011 832 1065 Quae
866 1010 1025 1052 recolis
1053 1017 1177 1068 grata
1206 1015 1352 1052 mente
1383 1010 1565 1052 statoris
1597 1025 1736 1068 opus,

650 1080 915 1122 Nascentem
944 1080 1251 1137 ambiguorum
1284 1079 1458 1135 excepit
1489 1094 1636 1136 pugna
1665 1080 1875 1135 deorum,

704 1149 861 1190 Martis
893 1154 935 1189 et
966 1149 1145 1190 incursu
1176 1163 1328 1205 pressa
1359 1147 1562 1190 Minerva
1595 1148 1702 1191 fuit:

647 1218 783 1274 Inque
817 1217 934 1258 vices
967 1232 1120 1274 regum
1151 1222 1296 1259 sortes
1328 1216 1606 1258 versantibus
1635 1217 1793 1272 undis,

703 1285 927 1325 Fortunae
957 1299 1086 1326 casus
1117 1299 1217 1326 cum
1252 1284 1445 1325 dominis
1476 1286 1636 1327 varias.

646 1352 842 1395 Tandem
874 1353 1120 1406 emersisti,
1155 1359 1364 1410 certoque
1398 1359 1575 1410 recepta
1606 1355 1792 1412 phaselo

700 1422 838 1463 Laeta
871 1421 998 1464 ducis
1030 1420 1175 1462 vultus
1206 1426 1410 1478 astraque
1443 1421 1587 1464 fausta
1617 1424 1768 1477 vides,

644 1491 804 1546 Magna
836 1490 942 1531 licet
973 1504 1180 1546 sperare,
1214 1495 1316 1530 tuus
1339 1489 1436 1544 jam
1468 1497 1622 1545 regnat
1647 1491 1840 1547 Apollo,

704 1559 1041 1617 Propitiumque
1073 1559 1252 1600 umbras
1283 1556 1471 1615 dissipat
1501 1573 1580 1601 axe
1607 1558 1758 1616 jubar.

646 1627 795 1669 Firma
827 1626 961 1669 modo
994 1642 1198 1680 cursum,
1232 1641 1363 1683 quem
1393 1642 1511 1669 nunc
1542 1634 1738 1682 sectare,
1770 1636 1946 1686 teneto,

701 1696 844 1737 Caeca
875 1711 957 1737 nec
990 1695 1211 1737 aetheriae
1238 1695 1335 1736 vela
1367 1694 1436 1736 fer
1467 1702 1567 1737 ante
1601 1696 1712 1737 saci:

646 1766 710 1807 Tc
743 1765 830 1806 sihi
862 1765 1053 1807 sacravit
1082 1779 1293 1821 praesens
1327 1763 1567 1821 statuitque
1598 1779 1835 1821 perennem

695 1831 938 1874 Custodem
969 1833 1119 1890 superi
1148 1831 1344 1873 muneris
1375 1832 1470 1888 ipse
1503 1832 1637 1885 deus3

645 1901 824 1942 Nutrito
857 1900 1105 1954 flammam,
1139 1915 1251 1957 quae
1283 1899 1388 1940 dum
1419 1900 1635 1954 nutritur,
1669 1908 1711 1942 et
1743 1903 1881 1958 ipsam

701 1969 932 2011 Nutricem
966 1969 1129 2012 salvam
1163 1967 1348 2009 reddere
1381 1967 1498 2010 salva
1529 1970 1699 2026 potest!

1079 2178 1117 2181 ψ-
1134 2170 1457 2187 ——-----——⁴
1478 2178 1515 2180 nm
