2382 3016
412 315 463 350 ris
493 312 688 362 legationes
718 308 984 358 provinciarum
1015 311 1053 341 et
1083 303 1353 353 procurationes
1381 301 1542 348 addidit,
1585 302 1681 340 unde
1711 302 1820 353 longe
1851 302 2006 353 plurima
2042 316 2086 340 ac
2119 316 2203 355 gra-

414 380 555 416 vissima
581 376 723 428 negotia
750 371 967 424 pendebant,
999 372 1047 407 ita
1072 369 1170 406 haud
1195 370 1273 406 seio
1294 382 1341 405 an
1369 368 1453 405 data
1476 381 1587 419 opera
1613 369 1729 420 ipsius
1747 369 1857 407 «Iovis
1882 369 2023 421 Optimi
2046 370 2202 407 Maximi

411 445 490 483 aedi
515 443 740 493 Capitolinae
770 440 973 477 Palatinam
1002 436 1189 487 Apollinis
1219 436 1317 473 velut
1344 449 1389 472 ex
1414 435 1568 473 adverso
1592 435 1788 486 objecerit,
1825 451 1919 487 quae
1945 437 2099 474 similem
2135 451 2204 474 nu-

411 511 547 549 minum
579 508 778 546 ternionem
810 505 1113 556 complecteretur
1142 503 1331 554 ipsiusque
1363 504 1591 554 imperatoris
1623 502 1733 541 domo
1763 504 1936 555 contigua
1968 504 2111 543 suturae
2137 503 2203 542 do·

413 577 614 615 minationis
648 574 797 613 tutelam
832 572 941 610 simul
970 578 1007 609 et
1036 572 1140 621 qnasi
1172 577 1426 621 argumentum
1460 572 1677 608 contineret.
1735 571 1864 622 Neque
1893 571 2056 622 profecto
2086 572 2204 623 aptior

413 644 524 682 tutela
552 642 706 680 inveniri
732 646 876 691 poterat
909 652 1004 677 novo
1034 638 1208 688 imperio,
1249 639 1349 688 quod
1384 652 1536 689 prorsus
1568 639 1769 676 immutatis
1800 640 2030 689 superiorum
2063 645 2202 690 tempo·

412 726 491 749 rum
529 709 658 749 studiis
694 707 836 747 tuendis
871 707 989 757 potius
1026 718 1136 756 quam
1178 704 1403 755 proferendis
1439 705 1575 743 finibus
1613 705 1767 758 gloriam
1805 705 1951 758 petebat
1988 706 2203 758 «Ianumque

413 778 586 815 clausisse
623 776 858 812 maximorum
896 771 1161 822 triumphorum
1200 773 1316 808 instar
1352 771 1532 819 habebat,
1581 786 1691 822 quamn
1730 773 1812 810 lene
1847 773 1938 810 illud
1976 773 2203 811 Graecorum

413 856 559 891 numen,
589 841 693 893 cujus
719 854 759 878 ea
785 839 1012 891 potissimum
1034 839 1148 876 virtus
1174 844 1267 885 erat,
1297 845 1339 876 ut
1365 839 1486 877 omnia
1514 845 1616 877 recto
1641 845 1925 890 temperamento
1953 845 2201 892 componeret,

413 923 602 959 moresque
629 914 735 945 cantu
765 907 937 956 pacisque
964 905 1103 942 artibus
1127 906 1305 943 emolliret
1331 912 1368 943 et
1394 906 1440 942 ad
1464 906 1596 943 bonam
1625 906 1768 957 frugem
1796 907 1997 957 redigeret3
2028 922 2101 945 non
2129 921 2203 944 me-

413 977 553 1014 dicinae
579 981 716 1012 tantum
743 979 891 1019 auctor,
930 985 1139 1022 quanquam
1173 971 1244 1010 hoc
1276 986 1423 1023 quoque
1458 987 1593 1010 munus
1626 973 1798 1010 universa
1825 971 1903 1023 ejus
1933 974 2079 1011 notione
2104 987 2203 1011 com-

413 1041 721 1095 prehendebatur,
758 1038 822 1077 sed
848 1039 1042 1077 Musarum
1071 1040 1265 1090 princeps,
1302 1039 1421 1090 qualis
1454 1040 1494 1076 in
1526 1040 1606 1091 ipso
1639 1038 1775 1090 templo
1803 1038 2050 1078 citharoedico
2078 1040 2205 1077 babitu

414 1124 434 1146 a
460 1111 580 1159 Scopa
608 1110 724 1145 tactus
749 1109 862 1152 stetit,
892 1106 1035 1142 ethicus
1067 1107 1223 1156 denique
1251 1107 1341 1143 deus
1371 1121 1511 1157 suaque
1539 1109 1645 1157 quasi
1676 1121 1831 1163 persona
1860 1110 2084 1157 propositum
2113 1108 2204 1143 illud

414 1178 588 1228 effingens
625 1175 721 1226 quod
758 1173 951 1225 Augustus
989 1173 1232 1225 sequebatur,
1281 1174 1367 1212 dum
1404 1189 1462 1212 res
1496 1174 1610 1212 Italas
1646 1173 1810 1213 moribus
1848 1181 2020 1222 ornaret,
2062 1172 2205 1226 legibus

413 1243 637 1290 emendaret,
677 1241 1033 1291 clarissimorumque
1068 1241 1297 1293 ingeniorum
1325 1242 1570 1278 monumentis
1598 1240 1743 1292 publice
1777 1241 1993 1293 colligendis
2019 1247 2056 1278 et
2075 1240 2203 1278 'Grae-

414 1325 537 1348 corum
570 1310 825 1358 exemplarium
860 1310 1059 1345 imitatione
1093 1309 1285 1345 excitanda
1317 1310 1519 1346 animorum
1553 1308 1731 1346 fervorem
1766 1309 1804 1345 in
1832 1322 1963 1346 novam
1991 1310 2087 1345 viam
2117 1309 2211 1345 diri--

413 1391 496 1429 gere
531 1382 732 1413 conaretur.
790 1373 922 1412 Talem
960 1381 1080 1412 autem
1118 1374 1226 1412 deum
1261 1362 1374 1426 quum
1410 1373 1658 1412 saecularibus
1693 1375 1907 1412 ceremoniis
1942 1375 2200 1426 interponeret,

413 1445 763 1493 insignissimamque
790 1442 920 1478 harum
955 1449 1092 1491 partem
1127 1444 1163 1478 in
1192 1443 1363 1480 Palatino
1395 1441 1584 1492 Apollinis
1619 1443 1755 1491 templo
1787 1444 1912 1492 peragi
1946 1441 2075 1488 vellet,
2118 1455 2203 1478 cene

414 1522 578 1547 semusne
612 1509 702 1546 nihil
734 1508 834 1545 aliud
862 1521 946 1545 eum
972 1515 1179 1558 spectasse,
1217 1510 1290 1546 nisi
1317 1509 1415 1560 quod
1444 1509 1606 1559 priorum
1634 1508 1862 1546 saeculorum
1891 1509 2100 1559 superstitio
2125 1508 2202 1545 sive

414 1576 597 1628 placandis
623 1577 661 1612 in
687 1576 850 1612 Terento
877 1575 946 1611 diis
973 1575 1101 1612 inferis
1129 1577 1207 1613 sive
1240 1573 1521 1626 Apollinaribus
1554 1575 1650 1613 ludis
1685 1575 1732 1613 ad
1768 1575 2010 1626 pestilentiam
2037 1581 2202 1612 averten-

414 1643 494 1680 dam
527 1649 648 1680 secuta
683 1643 786 1679 erat?
849 1641 1035 1680 Callidum
1068 1642 1183 1680 fuisse
1217 1641 1430 1694 Augustum
1466 1644 1690 1693 mimumque
1724 1643 1819 1680 vitae
1854 1642 2050 1693 prudenter
2084 1643 2203 1694 egisse

416 1710 471 1747 vel
498 1711 523 1746 ii
550 1710 773 1757 concedunt,
818 1711 882 1761 qui
918 1722 1131 1761 magnorum
1161 1711 1322 1747 virorum
1351 1711 1496 1761 ingenia
1530 1723 1598 1747 suo
1630 1710 1778 1747 modulo
1806 1711 1993 1747 metientes
2021 1716 2203 1747 tantorum

416 1777 645 1815 consiliorum
671 1777 927 1815 sublimitatem
961 1779 1110 1828 assequi
1141 1779 1272 1815 animis
1304 1790 1378 1814 non
1415 1783 1590 1827 possunt3
1633 1779 1666 1814 is
1696 1779 1807 1829 igitur
1842 1785 1882 1814 nt
1916 1777 1994 1815 sola
2029 1777 2203 1828 religione

415 1843 560 1892 ductus,
590 1843 674 1881 dum
698 1845 885 1895 pristinam
912 1843 1136 1895 reipublicae
1163 1844 1365 1883 libertatem
1394 1843 1597 1895 proculcat,
1626 1849 1689 1882 aut
1705 1843 1911 1882 saeculares
1935 1843 2042 1882 ludos
2063 1844 2203 1882 instau-

416 1912 548 1947 raverit
577 1917 641 1947 aut
672 1911 836 1962 Sibyllae
863 1913 1076 1949 auctoritate
1103 1912 1140 1948 id
1166 1912 1237 1948 sibi
1264 1913 1402 1962 imponi
1430 1924 1558 1962 passus
1583 1911 1655 1958 sit,
1694 1917 1734 1947 ut
1762 1917 1904 1961 praeter
1931 1918 2087 1948 veterem
2115 1923 2203 1947 eon-

417 1978 640 2014 suetudinem
663 1977 873 2028 Apollinem
901 1986 937 2016 et
960 1980 1119 2016 Dianam
1146 1993 1230 2016 cum
1255 1979 1314 2016 liis
1342 1978 1601 2029 conjungeret!
1658 1979 1777 2016 Immo
1805 1979 1992 2016 verissime
2014 1978 2204 2015 Hoeekius

417 2044 527 2080 Rem.
558 2042 695 2081 Gesch.
725 2060 809 2083 vom
836 2045 977 2084 Verl'all
1006 2046 1071 2083 der
1101 2045 1284 2096 Republik
1308 2052 1380 2083 etc.
1411 2046 1462 2082 Τ.
1489 2046 1524 2092 1,
1554 2045 1604 2083 P.
1630 2044 1673 2092 2,
1704 2059 1742 2096 p.
1768 2043 1878 2083 576:
1918 2045 1981 2082 die
2007 2043 2205 2095 Auqurien

418 2111 495 2146 und
518 2110 721 2160 Anaspicien
745 2118 876 2148 sammt
903 2113 975 2148 den
1007 2112 1288 2162 sibyllini-selaeu
1315 2113 1496 2149 Biieluern
1528 2112 1708 2149 erlaielten
1739 2112 1842 2159 sich,
1880 2112 1960 2148 und
1992 2125 2074 2148 war
2108 2112 2205 2148 anach

418 2177 478 2212 die
505 2175 590 2212 Zeit
626 2178 691 2214 der
725 2179 955 2215 ortlwdoxen
989 2179 1233 2231 Glizubiqlseit
1266 2194 1316 2217 an
1353 2180 1455 2216 diese
1487 2179 1613 2230 Dinqe
1649 2178 1772 2229 liinqst
1807 2178 2121 2223 verschwunden,
2162 2191 2203 2214 so
2268 2211 2270 2214 .

419 2242 506 2292 lainq
537 2256 622 2278 man
651 2244 687 2279 ίη
715 2243 1113 2283 8ιααίευει·1ιᾶ1ιηίεερη
1141 2261 1209 2283 arcs
1242 2247 1492 2297 Gewolmlieit
1519 2260 1568 2283 an
1596 2246 1707 2283 {lmen
1717 2272 1730 2293 ,
1773 2260 1797 2282 u
1806 2247 1868 2282 nd
1892 2260 1910 2282 s
1920 2246 1935 2281 i
1941 2258 1962 2282 e
1991 2245 2013 2281 b
2022 2245 2120 2282 ilde
2129 2251 2171 2282 te
2180 2260 2205 2281 n

410 2309 536 2357 jelzt
564 2310 610 2345 ιἰι
637 2311 722 2348 den
749 2311 954 2349 Hae'inden
981 2315 1060 2350 des
1087 2313 1317 2362 Raisers,
1355 2314 1443 2352 wie
1472 2314 1646 2366 sriilter
1680 2314 1727 2350 in
1759 2314 1908 2351 denen
1938 2313 2023 2350 der
2054 2313 2204 2365 Μαμί-

420 2381 592 2421 strate,
624 2379 697 2414 ein
725 2379 893 2416 Mitte!
919 2381 996 2416 die
1024 2380 1172 2433 Rras'l
1198 2383 1281 2418 der
1307 2381 1585 2434 Reqierunq
1617 2396 1671 2418 zu
1699 2385 1961 2432 erqc'inzen5
1998 2379 2068 2417 hoc
2095 2381 2206 2431 igitur

423 2442 610 2479 consilium
644 2446 674 2481 si
701 2446 739 2481 in
767 2446 1015 2484 saecularibus
1043 2460 1188 2497 quoque
1221 2448 1318 2485 ludis
1344 2449 1559 2486 revocandis
1586 2456 1623 2486 et
1650 2463 1734 2487 cum
1757 2448 1944 2499 Apollinis
1975 2449 2206 2486 veneratione

424 2509 625 2546 conflandis
658 2513 915 2562 investigamus
925 2539 937 2560 ,
978 2514 1039 2550 vix
1071 2514 1170 2551 aliud
1202 2516 1320 2565 aptius
1357 2523 1418 2553 aut
1453 2516 1677 2554 manifestius
1718 2515 2028 2566 deprehendemus
2039 2540 2051 2562 ,
2096 2528 2204 2565 qnam
