2382 3016
1252 199 1294 243 4

909 336 961 342 —
983 314 1069 366 jam
1095 313 1334 366 flavescentia
1367 318 1510 351 centum

725 382 913 420 Messibus
940 382 1101 419 aestivae
1128 382 1327 418 detondent
1355 381 1529 433 Garqara
1550 379 1690 433 falces,

723 448 1027 500 Spectandasque
1053 448 1185 485 iterum
1212 447 1311 484 nulli
1334 448 1560 485 celebrantia
1589 447 1697 484 ludos

727 514 978 567 Circumflexa
1002 514 1103 563 rapit
1129 519 1300 551 centenus
1326 514 1476 551 saecula
1508 513 1638 551 consul
1646 527 1660 560 ,-

369 596 486 633 neque
514 588 576 619 aut
602 583 724 619 circus
752 581 978 628 Flaminius,
1015 581 1053 616 in
1079 593 1152 630 quo
1178 579 1256 616 ludi
1284 579 1518 630 Apollinares
1546 579 1619 616 acti
1648 585 1754 625 sunt,
1797 591 1818 614 a
1847 590 1975 628 campo
2003 576 2155 623 Martio,

368 663 476 700 quem
505 647 754 685 saecularibus
781 648 903 686 locum
932 647 1099 685 Zosimus
1127 645 1272 692 tribuit,
1302 651 1364 682 aut
1390 646 1508 695 ipsum
1535 643 1720 694 Apollinis
1748 644 1922 695 templum
1947 657 1968 680 a
1996 644 2158 680 Terento

368 716 497 766 procul
524 715 663 762 abfuit,
699 715 751 752 cl'.
783 713 932 752 Urlichs
960 713 1025 750 das
1052 711 1232 749 romische
1259 711 1437 749 Marsfeld
1463 725 1501 761 p.
1527 710 1554 747 5
1583 724 1694 760 sqq-3
1732 716 1889 747 attamen
1918 710 1987 748 hoc
2011 723 2158 760 quoque

367 784 404 819 in
430 781 507 819 sola
535 781 743 832 conjectura
769 781 922 831 positum
950 786 1026 826 est,
1056 791 1123 815 nec
1153 778 1186 814 si
1213 777 1271 814 vel
1300 777 1452 814 maxime
1476 790 1601 814 verum
1633 775 1782 813 Sanado
1809 775 1961 823 viderit,
1992 777 2093 826 prius
2119 775 2158 812 id

366 848 504 885 sactum
532 861 611 885 esse
637 846 811 894 arbitror,
849 859 956 897 quam
984 843 1181 895 Augustus
1215 844 1284 894 ipsi
1311 842 1476 894 Apollini
1504 856 1586 880 eum
1613 842 1733 880 locum
1762 842 1943 891 dedisset,
1979 855 2088 893 quem
2118 842 2156 879 in

366 915 513 951 Horatii
547 915 704 950 carmine
738 913 913 950 saeculari
948 911 1097 947 obtinet.
1155 910 1305 946 Scilicet
1332 910 1465 946 liberae
1499 909 1720 959 reipublicae
1753 915 1868 946 aetate
1901 910 2049 946 omuino
2081 922 2155 946 non

364 982 396 1018 is
422 987 499 1019 erat
532 979 691 1031 Apollo,
730 979 789 1015 cui
820 984 955 1028 septem
983 976 1096 1014 colles
1119 976 1305 1026 placuisse
1337 975 1408 1012 dici
1436 983 1582 1026 possent
1592 991 1604 1025 3
1646 989 1754 1026 quem
1784 982 1976 1027 antequam
2004 977 2043 1012 iu
2075 977 2155 1027 ipso

364 1047 510 1084 Palatio
541 1045 735 1096 Augustus
762 1049 1031 1090 consecrasset,
1074 1056 1185 1078 unum
1212 1043 1352 1079 Romae
1380 1042 1571 1079 delubrum
1593 1041 1709 1092 'idque
1735 1048 1836 1078 extra
1863 1043 2088 1093 pomoerium
2115 1043 2154 1079 in

365 1126 494 1163 campo
520 1112 698 1150 Flaminio
725 1110 896 1148 habuisse
922 1111 1054 1161 insigni
1083 1109 1284 1146 testimonio
1311 1115 1453 1146 constat
1480 1108 1681 1147 doctissimi
1710 1109 1867 1147 hominis
1894 1107 2052 1147 Asconii
2079 1109 2153 1147 Pe-

364 1178 461 1216 diani
492 1178 539 1215 ad
571 1177 651 1215 Cic.
686 1183 776 1215 orat.
814 1178 851 1213 in
885 1182 968 1228 toga
1002 1175 1156 1213 candida
1187 1175 1239 1212 T.
1265 1175 1321 1223 ll,
1360 1189 1396 1226 p.
1422 1174 1488 1222 90,
1515 1176 1574 1213 ed.
1603 1175 1748 1214 Orell.:
1786 1190 1832 1213 ne
1857 1182 1979 1214 tamen
2006 1176 2150 1224 erretis,

363 1247 464 1296 quod
487 1245 545 1281 luis
573 1245 792 1294 temporibus
818 1245 927 1280 aedes
950 1243 1145 1293 Apollinis
1174 1243 1212 1278 in
1238 1242 1392 1278 Palatio
1416 1244 1491 1293 suit
1517 1235 1765 1290 nobilissima,
1799 1243 2026 1280 admonendi
2048 1243 2149 1289 estis,

361 1324 435 1348 non
463 1311 558 1348 lianc
585 1325 608 1348 a
640 1309 818 1349 Cicerone
843 1309 1072 1361 siqnficari,
1107 1314 1234 1359 utpote
1263 1322 1372 1360 quam
1400 1316 1485 1360 post
1511 1316 1664 1348 mortem
1695 1311 1808 1348 etiam
1838 1308 2030 1348 Ciceronis
2054 1309 2148 1346 mul-

361 1378 407 1413 lis
439 1378 545 1412 annis
573 1377 772 1425 imperator
801 1376 957 1421 Caesar,
987 1389 1092 1426 quem
1120 1389 1218 1411 nunc
1248 1376 1373 1411 divum
1398 1376 1609 1426 Auqustum
1635 1377 1814 1423 dicimus,
1840 1381 1927 1425 post
1949 1374 2149 1412 Actiacam

359 1443 549 1480 victoriam
570 1443 724 1494 secerit3
760 1443 827 1480 sed
850 1442 957 1479 illam
985 1442 1251 1489 demonstrari,
1283 1456 1377 1494 quae
1406 1448 1459 1480 est
1484 1449 1588 1480 extra
1613 1448 1762 1493 portam
1790 1441 2063 1481 Carmentalem
2091 1443 2147 1479 in-

359 1515 415 1546 ter
437 1510 560 1560 forum
587 1510 776 1547 olitorium
812 1516 849 1547 et
884 1510 1022 1546 circum
1055 1508 1309 1556 Flaminium5
1352 1522 1397 1546 ea
1432 1510 1552 1556 enim,
1591 1510 1731 1559 inquit,
1775 1509 1858 1546 sola
1893 1515 1969 1547 tum
2003 1510 2148 1546 demum

357 1574 502 1613 Romae
526 1574 719 1627 Apollinis
755 1577 887 1624 aedes,
927 1574 1077 1627 ejusque
1111 1576 1362 1614 auctoritatem
1398 1576 1563 1627 quamvis
1589 1574 1636 1613 ad
1664 1582 1824 1615 nostram
1852 1590 1968 1629 usque
1995 1582 2146 1616 aetatem

355 1643 458 1679 multi
485 1645 706 1694 antiquitatis
733 1646 923 1682 Romanae
949 1649 1175 1680 enarratores
1202 1649 1265 1679 aut
1291 1644 1514 1694 neglexerint
1544 1649 1608 1680 aut
1638 1644 1913 1694 vilipenderint,
1943 1646 2147 1682 accuratior

355 1711 406 1747 rei
444 1711 679 1749 consideratio
716 1712 863 1750 omnino
901 1710 1102 1747 confirmat.
1175 1710 1227 1747 Et
1262 1712 1419 1760 primum
1456 1711 1603 1761 quidem
1639 1711 1739 1759 quod
1777 1713 1815 1748 in
1848 1713 1930 1762 ipso
1965 1712 2148 1763 Capitolio

354 1776 537 1826 Apollinis
564 1777 734 1828 templum
762 1781 963 1828 posuerunt
992 1776 1212 1823 Mmlianus,
1240 1776 1447 1824 Fabricius,
1477 1777 1552 1823 alii,
1584 1776 1683 1814 nulla
1711 1778 1924 1828 antiquioris
1948 1779 2147 1816 testimonii

353 1844 561 1879 auctoritate
585 1845 650 1879 niti
676 1850 775 1880 recte
794 1843 873 1893 jam
900 1844 1041 1879 monuit
1066 1843 1200 1878 Justus
1229 1844 1424 1892 Rycquius
1450 1843 1495 1879 de
1519 1843 1700 1893 Capitolio
1720 1845 1889 1882 Romano
1911 1845 1946 1881 I.
1975 1844 2024 1893 73
2054 1858 2146 1895 quos

352 1910 427 1945 sive
455 1909 595 1946 Gellius
623 1910 756 1956 movit,
795 1910 859 1959 qui
886 1910 937 1945 N.
964 1907 1018 1945 A.
1049 1909 1100 1946 V.
1130 1907 1184 1944 12
1213 1909 1342 1945 aedem
1374 1909 1528 1959 Veiovis
1559 1909 1704 1947 Romae
1733 1912 1830 1948 inter
1854 1924 1977 1948 arcem
2006 1917 2042 1948 et
2071 1910 2145 1949 Ca-

351 1975 524 2023 pitolium
552 1975 666 2012 fuisse
688 1975 813 2021 tradit,
843 1975 999 2012 eundem
1026 1988 1114 2012 vero
1142 1974 1249 2011 deum
1277 1975 1474 2026 plerosque
1497 1973 1717 2025 Apollinem
1745 1977 1884 2014 dixisse
1908 1977 1974 2024 ait,
2002 1978 2146 2028 ineptae

353 2039 642 2091 mythologorum
670 2040 900 2092 quorundam
929 2042 1190 2092 comparationi
1225 2042 1263 2077 in
1298 2048 1437 2078 vetusta
1469 2042 1684 2092 religionum
1719 2044 1866 2080 nomina
1900 2043 2036 2080 nullam
2070 2044 2145 2080 vim

352 2120 431 2144 esse
466 2115 636 2157 apparet,
677 2109 753 2145 sive
785 2107 876 2144 illud
911 2109 1028 2145 secuti
1061 2114 1169 2155 sunt,
1209 2107 1308 2157 quod
1336 2107 1471 2145 Strabo
1492 2108 1585 2155 Vll,
1615 2124 1653 2159 p.
1677 2107 1760 2146 519
1792 2109 1991 2147 Lucullum
2021 2117 2146 2147 narrat

351 2171 536 2224 Apollinis
562 2173 809 2220 colossumsex
835 2172 925 2211 urbe
953 2171 1154 2225 Apollonia
1182 2172 1365 2211 sublatum
1392 2175 1429 2210 in
1458 2172 1677 2225 Capitolium
1703 2175 1949 2223 transtulisse,
1979 2176 2011 2214 is
2037 2188 2143 2214 orna—

352 2241 461 2275 menti
496 2241 615 2288 potius
650 2253 759 2290 quam
792 2239 980 2289 religionis
1015 2241 1133 2290 gratia
1169 2240 1308 2288 positus
1343 2244 1421 2287 θεῖς
1467 2239 1660 2276 Fabricius
1695 2240 1851 2290 denique
1882 2254 1989 2290 quem
2021 2255 2059 2291 p.
2086 2241 2143 2278 99

352 2304 568 2354 Apollinem
601 2305 857 2358 Capitole'num
883 2305 1066 2355 appellat,
1109 2317 1183 2342 non
1219 2304 1330 2348 alium
1365 2317 1442 2343 esse
1476 2317 1585 2356 qnam
1613 2304 1718 2356 cujus
1744 2305 1868 2344 aedem
1898 2321 1936 2357 p.
1962 2306 2048 2346 268
2075 2310 2143 2346 sub

359 2369 546 2419 Capitolio
582 2378 862 2418 commemorat,
900 2372 1015 2421 ipsius
1051 2369 1162 2407 verba
1197 2369 1350 2408 docent:
1392 2371 1501 2409 divae
1534 2371 1689 2409 Mariae
1721 2373 1789 2409 sub
1825 2372 2014 2422 Capitolio
2047 2376 2143 2412 inter

350 2436 473 2484 sorum
504 2438 718 2474 holitorium
746 2445 782 2474 et
810 2439 948 2473 circum
975 2437 1230 2483 Flaminium,
1261 2443 1366 2473 extra
1387 2445 1534 2487 portam
1569 2438 1659 2473 olim
1689 2438 1985 2486 Carmentalem,
2023 2447 2064 2476 ut
2088 2443 2141 2477 ait

353 2502 552 2540 Asconius.
608 2506 646 2543 Is
673 2506 786 2556 igitur
812 2504 919 2542 claris
953 2503 1072 2542 verbis
1101 2504 1168 2554 ipsi
1197 2503 1363 2543 Asconio
1391 2505 1627 2554 astipulatur,
1668 2504 1773 2554 cujus
1799 2505 1972 2555 templum
2001 2507 2141 2544 radices
