2382 3016
224 761 328 829 Est
357 801 444 826 sane
469 787 566 839 quod
601 789 792 837 miremur,
829 790 866 827 in
899 790 997 828 tanta
1027 790 1226 830 studiorum
1256 790 1545 839 concertatione,
1582 804 1654 843 qua
1681 797 1719 829 et
1744 790 1881 829 dudum
1909 790 2009 829 docti

221 858 435 907 interpretes
468 869 612 894 carmen
648 856 793 895 Horatii
828 858 1012 895 saeculare
1044 859 1282 910 explanarunt
1310 866 1346 896 et
1380 872 1496 909 nuper
1531 857 1577 896 de
1610 859 1746 896 intimis
1779 858 1858 909 ejus
1889 860 2009 896 causis

221 925 345 973 quaeri
372 929 537 973 coeptum
562 929 639 970 est,
667 924 845 961 neminem
868 924 938 961 sibi
964 925 1045 961 data
1073 938 1181 976 opera
1208 925 1459 975 exponendum
1486 924 1681 971 sumsisse,
1710 938 1778 962 cur
1802 931 1876 963 tam
1902 938 2007 976 prae·

221 991 349 1039 cipuae
374 990 412 1025 in
438 1001 481 1026 eo
509 989 650 1025 cantico
675 988 861 1038 Apollinis
890 998 925 1027 et
950 991 1092 1027 Dianae
1119 996 1236 1040 partes
1263 991 1357 1037 sint,
1394 996 1435 1026 ut
1462 990 1684 1040 reliquorum
1713 990 1865 1028 deorum
1890 991 2006 1028 hono-

163 1103 165 1106 ·
220 1070 278 1094 res
304 1069 389 1107 prae
414 1054 471 1093 his
499 1054 639 1093 duobus
666 1055 773 1106 plane
798 1068 1011 1094 evanescere
1039 1056 1240 1095 videantur.
1297 1055 1361 1093 Ad
1387 1056 1468 1094 illos
1494 1057 1590 1094 enim
1613 1057 1652 1094 in
1675 1063 1835 1095 extrema
1861 1056 2008 1095 demum

220 1122 369 1174 stropha
403 1124 492 1159 satis
523 1122 649 1159 leviter
680 1123 795 1160 oratio
829 1124 1071 1172 convertitur3
1113 1136 1206 1173 quae
1237 1129 1356 1160 autem
1384 1130 1566 1173 praeterea
1593 1125 1812 1161 invocantur
1839 1125 2004 1171 numina,

219 1197 261 1227 ut
286 1189 374 1236 Sol,
404 1189 534 1235 Luna,
571 1188 740 1240 Ilithyia,
769 1190 931 1237 Parcae,
961 1189 1111 1237 Tellus,
1142 1188 1358 1227 naturalium
1385 1190 1516 1226 virium
1541 1189 1877 1240 personificationes
1904 1190 2006 1228 exhi-

219 1256 325 1303 bent,
363 1268 453 1306 quas
483 1255 678 1306 allegorico
704 1257 822 1306 potius
848 1261 885 1293 et
911 1257 1052 1306 poetico
1076 1269 1185 1294 sensu
1212 1268 1320 1305 quam
1347 1254 1515 1306 religioso
1540 1255 1717 1306 appellari
1741 1256 1915 1304 dixerim,
1954 1258 2005 1295 ita

218 1329 260 1359 ut
285 1324 390 1359 etiam
415 1335 508 1371 quae
534 1322 579 1357 ab
607 1321 664 1358 his
687 1323 804 1372 expeti
828 1315 1041 1369 videantur,
1077 1322 1220 1372 proprie
1250 1320 1459 1370 Apollinem
1491 1327 1527 1357 et
1551 1322 1711 1358 Dianam
1741 1329 1909 1359 auctores
1937 1323 2003 1359 ha-

218 1388 327 1427 beant
352 1387 477 1426 eodem
505 1387 580 1425 fere
607 1386 736 1435 modo,
772 1401 846 1439 quo
871 1387 969 1438 apud
994 1388 1163 1426 Persium
1190 1386 1271 1425 Sat.
1295 1386 1350 1424 11.
1377 1385 1433 1424 45
1459 1387 1669 1426 Mercurius
1694 1387 1933 1439 imploratur,
1963 1395 2004 1427 ut

219 1456 281 1492 det
303 1455 499 1506 fortunare
515 1453 675 1490 Penates
686 1468 700 1501 ‚⁰
728 1453 779 1490 cf.
803 1459 840 1491 et
857 1453 1000 1491 Comm.
1022 1453 1164 1504 Cruqu.
1190 1453 1237 1489 ad
1264 1467 1300 1488 v.
1322 1451 1399 1489 25:
1432 1454 1579 1490 invocat
1600 1460 1723 1491 autem
1747 1454 1896 1491 Parcas
1916 1462 2003 1504 post

219 1520 450 1570 Apollinem,
473 1520 561 1570 quia
577 1519 720 1568 Apollo
734 1520 826 1570 fatis
841 1526 1011 1569 praeest3
1039 1521 1150 1557 immo
1176 1519 1350 1569 plurimas
1373 1532 1496 1555 earum
1523 1519 1570 1556 ad
1598 1520 1697 1570 ipsas
1721 1519 1909 1571 Apollinis
1937 1527 2001 1558 aut

218 1587 359 1625 Dianae
375 1598 547 1637 personas
561 1585 690 1624 referri
706 1597 812 1637 posse
826 1584 1021 1624 Catulliani
1039 1585 1208 1623 carminis
1225 1584 1444 1635 comparatio
1461 1583 1657 1623 XXXIV.
1670 1583 1724 1623 15
1732 1598 1818 1637 sqq.
1837 1585 1996 1635 docebit,

218 1667 286 1692 nee
308 1656 339 1691 si
360 1653 417 1691 vel
442 1654 596 1690 maxime
619 1652 821 1702 peculiares
841 1652 912 1689 sibi
938 1652 1132 1703 religiones
1155 1652 1296 1689 Romae
1321 1658 1384 1688 aut
1409 1653 1446 1688 in
1472 1652 1562 1702 ipsis
1583 1652 1831 1689 saecularibus
1847 1653 1996 1701 Tellus,

216 1722 380 1768 Parcae,
420 1720 562 1756 Lucina
595 1717 797 1767 habebant,
832 1720 1023 1770 exaequari
1051 1724 1148 1756 certe
1174 1717 1303 1753 harum
1335 1717 1491 1755 honores
1517 1731 1601 1755 cum
1625 1717 1700 1756 illis
1725 1718 1871 1756 duobus
1896 1721 1998 1770 quis·

216 1800 324 1838 quam
352 1785 567 1832 contendet,
607 1786 669 1835 qui
700 1791 763 1823 aut
788 1786 966 1837 integrum
999 1798 1144 1823 carmen
1170 1783 1298 1835 legerit
1330 1789 1392 1821 aut
1423 1783 1508 1821 libri
1541 1784 1600 1823 lv
1627 1783 1735 1822 odam
1765 1790 1904 1823 sextam
1939 1799 1996 1823 re-

215 1855 391 1905 spexerit,
432 1865 503 1902 qua
537 1852 636 1888 velut
669 1851 882 1901 praeludens
916 1851 1092 1888 saeculari
1119 1851 1296 1886 Horatius
1322 1864 1503 1886 summum
1529 1849 1638 1900 hujus
1669 1858 1924 1902 argumentum
1957 1854 1996 1889 in

213 1919 357 1966 Phoebi
383 1925 420 1957 et
446 1917 660 1956 Noctilucae
685 1916 791 1955 laude
817 1918 951 1968 posuit.
1006 1915 1124 1967 Atqui
1150 1916 1279 1954 horum
1306 1917 1342 1952 in
1376 1916 1534 1967 antiquis
1565 1916 1817 1955 Romanorum
1849 1917 1995 1970 religio·

213 1987 322 2024 nibus
348 1986 518 2037 exiguas,
553 1986 591 2021 in
614 1983 709 2021 ludis
735 1983 979 2021 saecularibus
1005 1990 1087 2020 ante
1112 1981 1323 2034 Augustum
1351 1981 1469 2019 nullas
1497 1988 1618 2032 partes
1645 1983 1757 2021 fuisse
1784 1985 1875 2022 satis
1906 1997 1995 2023 eon-

215 2061 301 2092 stat.
357 2053 451 2091 Nam
480 2058 520 2090 ut
551 2051 595 2089 de
621 2051 680 2089 his
706 2043 861 2102 primum
886 2063 1058 2102 agamus,
1096 2049 1191 2087 hanc
1217 2048 1455 2087 saecularium
1481 2048 1649 2088 ludorum
1675 2051 1854 2102 originem
1883 2049 1996 2089 tradit

213 2121 383 2159 Valerius
416 2119 601 2157 Maximus
627 2118 681 2154 11.
708 2117 750 2154 4.
775 2116 825 2154 ὅτ
874 2116 997 2165 Quum
1029 2117 1170 2167 inqenti
1196 2116 1408 2166 pestilentia
1442 2117 1531 2154 urbs
1562 2117 1717 2169 aqi-ique
1742 2122 1993 2164 vastarentur,

219 2188 393 2226 Valesius
419 2188 477 2223 vir
503 2185 666 2234 locuples
691 2184 851 2221 rusticae
877 2185 995 2230 vitae,
1026 2184 1167 2220 duobus
1192 2184 1286 2234 siliis
1310 2189 1345 2220 et
1367 2182 1453 2233 filia
1480 2184 1533 2220 ad
1558 2184 1853 2234 desperationem
1879 2197 1995 2236 usque

212 2254 438 2292 medicorum
465 2251 737 2298 laborantibus,
772 2263 906 2302 aquam
933 2249 1094 2287 calidam
1128 2250 1174 2286 iis
1206 2263 1229 2286 a
1257 2249 1345 2301 foco
1369 2255 1520 2300 petens,
1553 2250 1709 2302 qenibus
1736 2251 1847 2288 nitus
1873 2250 1994 2289 Lares

208 2321 418 2373 familiares
444 2325 486 2357 ut
502 2332 701 2369 puerorum
722 2318 928 2368 periculum
951 2318 990 2354 in
1010 2318 1124 2368 ipsius
1146 2322 1258 2367 caput
1278 2316 1521 2367 transferrent
1545 2318 1679 2355 oravit.
1741 2317 1838 2355 Orta
1857 2317 1993 2355 deinde

211 2402 284 2425 vox
318 2394 393 2435 est,
437 2386 647 2423 habiturum
682 2397 744 2421 eos
778 2383 923 2429 salvos,
958 2383 994 2419 si
1024 2384 1196 2420 continuo
1227 2383 1383 2434 flumine
1424 2383 1556 2421 Tiberi
1587 2385 1756 2422 devectos
1789 2384 1992 2421 Tau-enam

211 2455 441 2504 deportasset
480 2452 603 2503 ibique
637 2463 682 2487 ex
717 2449 820 2487 Ditis
851 2448 980 2486 Patris
1016 2455 1051 2486 et
1085 2448 1338 2498 Proserpinae
1373 2463 1441 2485 ara
1475 2451 1595 2500 petita
1629 2450 1739 2488 calda
1775 2455 1988 2487 recreasset.

211 2521 272 2559 Eo
308 2521 500 2571 praedicto
539 2531 758 2570 maqnopere
790 2517 983 2568 confusus,
1025 2518 1126 2568 quod
1154 2522 1190 2553 et
1215 2515 1327 2567 lonqa
1353 2522 1391 2554 et
1414 2518 1626 2566 periculosa
1656 2517 1846 2568 naviqatio
1877 2517 1990 2567 impe·

1487 2580 1509 2618 1
