2382 3016
170 371 367 423 Capitolini
394 374 526 411 montis
551 375 712 427 attigisse
736 373 896 425 ejusdem
927 373 1122 425 descriptio
1143 374 1231 412 satis
1257 372 1409 425 probat3
1446 371 1546 410 aliud
1573 379 1693 409 autem
1720 381 1862 424 praeter
1887 373 1958 411 hoc

167 440 206 474 in
230 439 310 489 ipso
334 437 514 489 Capitolio
540 440 652 479 fuisse
680 454 746 478 uec
769 441 899 479 Dionis
917 440 1045 479 Cassii
1072 440 1184 478 verba
1209 441 1401 487 evincunt,
1435 452 1529 490 quae
1556 452 1674 490 nuper
1700 453 1722 476 a
1748 454 1788 477 se
1816 447 1957 490 reperta

167 502 336 556 Angelus
372 505 494 556 Maius
529 506 701 557 Rycquio
736 508 903 558 opposuit
936 507 1090 558 Scriptt.
1129 513 1219 544 vett.
1256 520 1341 544 nov.
1380 505 1465 543 coll.
1502 506 1554 542 Τ.
1582 505 1638 553 11,
1674 520 1713 557 p.
1743 504 1847 543 185:
1896 502 1956 547 ὅτι

167 568 338 624 χρησμός
365 587 424 612 τις
454 574 524 617 τῆς
551 571 768 622 Σιβύλλης
798 572 887 614 τούς
918 572 1128 624 Ῥωμαίους
1155 569 1359 622 ἐδειμάτου
1387 570 1668 624 φυλάξασθαι
1696 571 1786 613 τούς
1812 571 1955 613 Γαλά-

167 653 241 678 τας
270 632 345 678 δεῖν
375 636 570 683 κελεύων,
595 635 692 680 ὅταν
716 638 897 694 κεραυνός
924 641 975 681 εἷς
1008 639 1054 680 τὸ
1082 637 1348 680 Καπιτώλιον
1366 638 1542 686 πλησίον
1568 636 1852 680 Ἀπολλωνίου
1878 655 1955 679 κα-

166 699 386 754 τασκήψῃε
413 702 475 740 ubi
502 704 590 741 mihi
617 712 715 749 certe>
738 705 828 743 nibil
852 706 1025 756 impedire
1054 705 1207 752 videtur,
1235 706 1428 756 quominus
1456 703 1551 740 idem
1574 704 1748 755 templum
1769 704 1816 741 ad
1839 705 1953 741 imum

167 776 325 806 montem
353 770 461 806 situm
492 770 756 822 intelligamus,
797 785 909 822 prope
936 771 1034 822 quod
1068 772 1147 822 ipse
1174 785 1278 808 mous
1311 770 1457 808 coelesti
1484 771 1568 822 igne
1595 777 1714 807 tactus
1748 771 1807 807 sit.
1877 770 1953 808 Ne-

166 848 238 885 que
264 836 359 872 enim
388 835 478 872 illud
505 850 571 875 nos
600 850 744 875 movere
774 844 913 888 potest,
958 836 1056 887 quod
1091 837 1185 875 idem
1220 837 1281 874 ille
1316 836 1475 874 misellus
1506 836 1728 887 'compilator
1759 836 1953 875 Fabricius

165 916 294 953 parum
324 901 393 939 sibi
419 903 496 953 ipse
528 911 698 942 constans
725 918 810 942 mox
845 918 883 954 p.
912 902 996 941 100
1021 909 1057 941 et
1083 902 1171 940 240
1206 902 1355 940 eandem
1390 902 1514 941 nedem
1553 902 1749 954 Apollinis
1779 904 1818 940 ὑι
1850 904 1951 941 circo

165 969 355 1005 Flaminio
383 982 466 1004 cum
496 970 624 1007 Flavio
648 970 795 1007 Blondo
821 976 858 1006 et
883 970 1089 1018 Pomponio
1116 968 1276 1015 Sabino,
1320 970 1352 1005 si
1384 969 1453 1005 diis
1489 970 1629 1019 placet,
1671 982 1792 1019 prope
1818 969 1951 1005 turrim

163 1036 403 1086 sanquineam
430 1049 504 1073 non
534 1037 642 1088 lonqe
671 1051 695 1074 a
721 1036 767 1074 S.
795 1036 1006 1087 Auqitstt‘no
1036 1035 1213 1082 collocat,
1248 1049 1436 1086 quousque
1468 1050 1655 1087 nunquam
1684 1049 1836 1086 campus
1863 1035 1950 1071 Fla-

164 1102 297 1137 minius
337 1102 507 1151 pertinuit
518 1116 529 1150 3
582 1103 751 1139 nimirum
791 1102 933 1139 induxit
969 1101 1051 1138 illos
1089 1115 1220 1139 nomen
1254 1101 1383 1139 Sancti
1418 1099 1670 1152 Apollinaris,
1714 1102 1775 1138 cui
1814 1100 1949 1138 ibidem

163 1181 276 1218 prope
303 1169 439 1205 circum
467 1167 674 1219 Agonalem
700 1169 873 1219 templum
908 1168 1111 1206 dedicatum
1139 1174 1214 1216 est;
1254 1167 1352 1218 quod
1379 1169 1445 1205 etsi
1475 1168 1639 1218 plerique
1669 1169 1875 1219 periegetae
1901 1167 1948 1204 ad

162 1234 262 1271 hunc
287 1247 401 1285 usque
428 1233 521 1272 diem
546 1236 657 1273 veteri
681 1233 867 1286 Apollinis
893 1234 1027 1285 templo
1053 1234 1099 1271 ab
1124 1233 1315 1272 Hadriano
1336 1234 1356 1271 1
1379 1234 1480 1284 Papa
1506 1235 1776 1284 superpositum
1797 1240 1949 1271 narrant

163 1299 269 1350 (vasi
301 1314 339 1349 p.
363 1298 472 1349 5083
512 1301 587 1337 Fea
615 1315 653 1351 p.
679 1300 806 1352 549),
847 1301 986 1337 nullum
1010 1307 1130 1337 tamen
1157 1299 1235 1349 ejus
1263 1302 1404 1350 generis
1430 1301 1621 1350 vestigium
1648 1300 1746 1351 apud
1774 1302 1946 1351 antiquos

161 1367 199 1403 in
227 1366 300 1403 illis
327 1364 533 1417 regionibus
560 1367 756 1404 invenitur.
817 1367 946 1418 Itaque
971 1366 1082 1414 haec,
1120 1372 1161 1403 ut
1186 1364 1363 1414 diximus,
1400 1366 1519 1404 omnia
1546 1365 1593 1403 ad
1619 1380 1733 1403 unum
1762 1365 1945 1405 Asconiu-

163 1446 249 1468 num
273 1431 446 1479 redeunt3
475 1444 593 1481 neque
617 1432 687 1468 alia
713 1443 821 1469 causa
851 1446 929 1470 esse
953 1433 1096 1469 videtur
1120 1431 1197 1481 ejus
1222 1430 1384 1478 delubri,
1413 1431 1511 1481 quod
1534 1432 1704 1467 Donatus
1726 1432 1840 1468 Rom.
1867 1439 1942 1468 vet.

161 1504 198 1535 et
224 1511 298 1535 rec.
329 1496 404 1534 111.
431 1494 483 1534 17
510 1511 556 1535 ex
582 1497 695 1535 Plinii
717 1498 818 1536 Hist.
843 1505 918 1536 nat.
941 1498 1136 1536 XXXVI.
1157 1496 1184 1534 5
1212 1496 1257 1533 ad
1287 1498 1464 1547 porticum
1491 1496 1667 1534 Octaviae
1693 1496 1817 1535 retulit
1842 1510 1946 1534 eum·

161 1577 232 1613 que
265 1569 411 1601 secutus
445 1562 607 1601 Adlerus
638 1563 793 1601 Beschr.
828 1564 866 1601 d.
900 1564 1009 1602 Stadt
1039 1565 1137 1601 Rom
1171 1577 1209 1613 p.
1235 1562 1323 1600 504
1357 1562 1414 1599 vel
1439 1562 1631 1599 Metellum
1659 1562 1944 1600 Macedonicum

161 1628 364 1668 condidisse
389 1627 593 1668 fabulatur:
623 1629 824 1678 Metellus,
853 1630 921 1668 der
941 1629 1192 1669 Macedonien
1218 1629 1353 1681 besieyt
1378 1628 1500 1676 halle,
1528 1627 1614 1666 liese
1635 1643 1759 1668 zween
1790 1629 1947 1680 Tempel

160 1697 339 1747 anleqen,
383 1697 504 1733 daven
537 1698 604 1733 der
637 1697 718 1733 eine
745 1697 813 1733 der
842 1696 969 1743 June,
1006 1697 1074 1733 der
1096 1698 1233 1734 andere
1258 1697 1341 1732 dem
1366 1695 1490 1745 Apoll
1512 1696 1692 1746 qeweiluet
1716 1710 1821 1744 war-,-
1857 1696 1944 1733 licet

159 1764 268 1801 Jovis
301 1763 421 1812 potius
456 1763 613 1801 Statoris
646 1762 820 1812 templum
854 1776 926 1799 una
962 1776 1044 1800 cum
1079 1763 1241 1800 «Iunonis
1276 1761 1418 1800 Metelli
1458 1763 1601 1812 porticu
1638 1762 1942 1813 comprehensum

158 1829 270 1866 fuisse
288 1828 366 1879 jam
392 1841 414 1864 a
441 1829 609 1866 Vitruvio
632 1828 710 1865 111.
737 1826 759 1864 1
788 1827 925 1864 discere
953 1834 1097 1878 posset,
1131 1828 1235 1878 cujus
1258 1823 1506 1865 auctoritatem
1534 1828 1640 1865 etiam
1669 1828 1766 1865 basis
1792 1827 1943 1878 Capito—

160 1896 233 1931 lina
257 1894 458 1941 confirmat,
486 1895 538 1931 cs.
567 1893 708 1931 Sachse
734 1892 872 1929 Gesch.
897 1907 936 1929 u.
962 1893 1116 1930 Besehr.
1143 1894 1181 1929 d.
1205 1894 1314 1931 Stadt
1335 1895 1431 1930 Rom
1455 1894 1506 1930 Τ.
1532 1894 1566 1940 Ι,
1598 1907 1636 1943 p.
1663 1892 1749 1930 557
1774 1901 1811 1930 et
1833 1892 1939 1930 Anu.

160 1961 246 1997 dell’
272 1962 367 1998 Inst.
404 1960 442 1997 di
474 1961 627 2010 corrisp.
664 1957 824 1995 archeol.
859 1959 911 1994 T.
939 1959 995 2005 X,
1028 1973 1066 2009 p.
1093 1957 1120 1994 9
1154 1972 1238 2009 sqq.
1304 1960 1423 1997 Unice
1458 1966 1556 1997 recte
1592 1958 1806 1996 Urlichs‘ms
1843 1958 1870 1995 l.
1903 1972 1939 1996 c.

160 2040 197 2077 p.
222 2025 302 2073 57,
341 2031 532 2076 postquam
560 2026 605 2062 de
632 2025 808 2062 Octaviae
837 2025 977 2073 porticu
1004 2026 1098 2074 egit,
1137 2037 1245 2074 quam
1271 2027 1308 2062 in
1336 2026 1545 2063 Metellinae
1571 2025 1694 2062 locum
1721 2025 1944 2062 successisse

161 2099 320 2130 constat:
351 2092 448 2130 nach
471 2094 553 2129 dem
581 2089 735 2141 Capitol
753 2103 822 2136 zu,
857 2090 996 2139 inquit,
1032 2104 1112 2127 war
1134 2092 1202 2127 das
1230 2092 1381 2129 niielnsle
1414 2091 1595 2139 Geln'iqade
1614 2093 1729 2142 jener
1757 2093 1853 2129 oben
1884 2105 1942 2129 er·

158 2159 305 2197 wiilmte
334 2159 490 2209 Tempel
512 2160 577 2195 des
604 2156 768 2207 Apollo,
806 2156 966 2194 wele-lter
992 2157 1064 2193 den
1092 2157 1234 2195 Hallen
1266 2160 1334 2195 det·
1367 2158 1526 2196 Octavia
1558 2158 1645 2202 sehr
1672 2159 1771 2196 nahe
1796 2165 1941 2210 gestan-

159 2226 231 2262 den
261 2239 308 2262 zu
340 2225 460 2262 haben
491 2224 653 2271 seboim,
691 2221 895 2273 ibidemque
925 2222 963 2258 in
994 2224 1155 2274 margine
1186 2223 1298 2261 Plinii
1330 2222 1441 2261 verba
1475 2224 1567 2277 scite
1597 2224 1646 2261 ita
1681 2224 1862 2276 explieat,
1903 2231 1943 2261 ut

157 2290 349 2327 delubrum
380 2290 565 2341 Apollinis
597 2292 649 2326 ad
682 2289 857 2326 Octaviae
886 2288 1069 2337 'porticum
1105 2301 1127 2324 a
1163 2289 1325 2326 «Iunonis
1365 2289 1454 2326 aede
1489 2290 1589 2326 intra
1624 2289 1777 2326 eandem
1813 2290 1941 2326 sedulo

157 2357 330 2409 distingui
357 2365 521 2406 moneat,
546 2357 644 2409 quod
667 2357 731 2408 qui
754 2356 908 2393 tenuerit
932 2355 1112 2406 simulque
1136 2355 1323 2406 utriusque
1350 2355 1506 2394 aedificii
1530 2357 1639 2394 situm
1665 2355 1781 2407 probe
1805 2368 1941 2407 cogno-

156 2424 267 2471 verit,
311 2438 357 2463 ne
385 2424 445 2462 hic
476 2423 621 2475 quidem
650 2421 814 2460 dubitare
841 2422 970 2471 poterit
1000 2422 1090 2471 quin
1115 2421 1230 2458 Plinii
1264 2423 1508 2460 testimonium
1543 2413 1627 2460 cu'm
1658 2422 1825 2461 Asconio
1853 2435 1941 2460 con·

156 2492 291 2525 veniat.
356 2489 413 2527 At
439 2492 556 2537 enim,
593 2490 780 2539 inquiunt,
819 2489 856 2523 in
883 2486 1064 2546 Quirinali
1096 2493 1195 2523 certe
1220 2495 1344 2525 monte
1370 2490 1536 2525 novimus
1562 2488 1758 2539 Apollinis
1787 2495 1823 2525 et
1852 2489 1942 2525 Cla-

156 2563 235 2594 lrae
264 2557 438 2606 templum
469 2571 514 2595 ex
549 2555 756 2607 regionariis
783 2554 963 2605 antiquis,
1002 2553 1112 2604 idque
1139 2555 1227 2593 satis
1258 2556 1447 2605 antiquum
1474 2569 1554 2594 esse
1581 2555 1791 2606 Argeorum
1819 2569 1941 2594 sacro-
