2382 3016
182 359 363 409 integrum
390 357 510 396 locum
538 358 590 395 sic
617 358 717 410 lego:
758 357 866 395 collis
893 356 1084 395 Salutaris
1114 356 1324 409 quartieeps
1352 358 1550 394 advorsum
1578 356 1716 394 Solis
1737 358 1970 407 pulvinar

181 425 234 461 cis
262 425 387 461 aedem
413 424 580 472 Salutis,
617 439 690 462 non
717 425 1007 475 Apollinar,
1046 437 1120 475 quo
1146 426 1292 461 nomine
1317 424 1376 461 vel
1401 438 1499 462 nunc
1527 439 1640 461 unum
1671 430 1810 461 tantum
1846 425 1968 462 locum

179 491 370 539 novimus,
411 490 457 528 de
484 503 557 541 quo
589 490 675 528 Liv.
699 491 774 528 111.
805 490 883 540 65,
918 492 956 528 in
983 491 1096 542 pratis
1118 490 1334 538 Flaminiis,
1371 490 1435 528 ubi
1460 497 1586 542 postea
1612 490 1737 529 eadem
1769 491 1831 528 illa
1859 491 1968 530 aedes

180 556 365 608 Apollinis
396 556 558 595 dedicata
589 564 667 606 est,
707 571 815 609 quam
841 555 1029 595 Asconius
1056 564 1140 595 ante
1166 557 1377 607 Augustum
1405 558 1518 595 solam
1544 559 1687 596 Romae
1713 559 1826 596 fuisse
1853 559 1965 596 tradi·

179 623 246 662 dit.
304 623 508 662 Obscurior
532 625 623 661 ratio
648 630 702 662 est
726 637 815 661 arae
838 622 1055 674 Apollinis,
1093 636 1201 674 quam
1237 624 1286 661 P.
1320 624 1452 662 Victor
1476 625 1516 661 in
1543 626 1661 675 prima
1687 626 1835 676 regione
1865 624 1966 676 apud

177 696 317 740 portam
345 689 530 740 Capenam
556 691 679 740 ponit,
719 692 804 741 quia
830 690 941 741 hujus
970 697 1066 727 certe
1097 691 1195 740 apud
1222 691 1471 728 Pancirollum
1497 704 1643 741 quoque
1669 694 1803 729 mentio
1827 698 1961 739 exstat,

179 757 248 793 nisi
280 756 378 807 quod
407 756 459 793 ibi
491 770 580 793 area
611 758 730 807 potins
766 756 921 808 legitur,
964 770 1116 807 eamque
1141 756 1336 794 lectionem>
1360 763 1543 807 praestare
1576 757 1614 794 id
1645 771 1791 808 quoque
1818 757 1961 806 suadet,

178 822 276 874 quod
309 824 387 874 ipse
414 823 545 861 Victor
572 822 667 874 Spei
690 829 725 861 et
758 823 897 872 Gallo,
935 837 1089 875 quorum
1117 836 1224 860 areas
1250 822 1443 874 descriptio
1473 823 1571 874 apud
1598 824 1850 862 Pancirollum
1879 837 1964 862 cum

177 889 361 940 Apollinis
388 903 470 928 area
498 890 707 942 conjungit,
746 891 868 928 itidem
897 905 1004 928 areas
1029 889 1156 927 tribuit
1165 905 1177 939 3
1212 890 1276 928 sed
1300 891 1390 928 haec
1418 897 1459 928 ut
1491 897 1533 929 ut
1558 892 1651 939 sint,
1691 891 1816 929 aedem
1840 890 1963 943 Apol·

176 957 274 1006 linis,
304 956 446 1008 qualem
473 957 608 995 Sextus
636 957 759 995 Rufus
786 957 986 1006 substituit,
1017 957 1080 995 illo
1108 958 1190 995 loco
1215 957 1350 994 nullam
1373 958 1619 1008 agnoscimus,
1649 957 1783 996 nedum
1811 957 1960 997 Cicero·

177 1026 235 1061 nis
269 1030 383 1062 aetate
412 1025 592 1062 exstitisse
624 1024 827 1071 credimus,
869 1026 1072 1074 mirumque
1106 1026 1144 1060 iu
1177 1024 1323 1061 modum
1350 1026 1484 1061 erravit
1510 1025 1743 1076 Hartuugins
1771 1024 1830 1062 die
1856 1025 1959 1062 Reli-

176 1091 261 1142 gion
293 1090 357 1127 der
382 1092 520 1128 Romer
545 1090 641 1127 nach
674 1090 743 1127 den
776 1089 933 1136 Quellen
959 1089 1168 1140 dargestellt
1193 1091 1243 1127 T.
1269 1091 1324 1138 11,
1356 1104 1392 1140 p.
1421 1089 1532 1138 206,
1571 1091 1635 1141 qui
1661 1104 1775 1141 quum
1802 1089 1960 1129 Asconii

176 1159 417 1196 testimonium
449 1171 599 1208 prorsus
629 1158 830 1208 ignoraret,
867 1156 1029 1207 illudque
1055 1156 1251 1207 templum,
1290 1157 1388 1207 quod
1419 1157 1504 1194 Liv.
1530 1157 1623 1195 vll.
1656 1156 1715 1194 20
1750 1157 1959 1196 dedicatum

176 1238 256 1262 esse
282 1224 411 1272 tradit,
448 1224 493 1262 ab
521 1238 588 1272 eo,
626 1224 725 1275 quod
751 1223 845 1261 idem
865 1223 936 1262 lv.
964 1222 1021 1261 25
1045 1229 1080 1262 et
1102 1223 1159 1261 29
1186 1214 1382 1270 memorat,
1421 1223 1678 1275 dIstingueret,
1714 1237 1758 1262 eo
1786 1223 1958 1276 delapsus

176 1298 248 1338 est,
276 1298 318 1329 ut
341 1292 493 1329 alterum
519 1291 649 1328 horum
678 1298 760 1328 ante
787 1297 926 1341 portam
953 1289 1138 1340 Capenam
1161 1291 1274 1327 fuisse
1301 1291 1484 1328 narraret!
1541 1288 1668 1341 Atque
1694 1290 1767 1329 hoc
1791 1291 1958 1341 profecto

175 1359 296 1395 sanior
321 1357 497 1395 Sachsius
521 1358 548 1394 l.
576 1371 610 1395 c.
641 1372 679 1408 p.
707 1356 808 1404 557,
839 1363 1028 1408 postquam
1055 1356 1180 1394 aedem
1208 1354 1391 1407 Apollinis
1418 1357 1455 1393 in
1485 1357 1599 1407 pratis
1625 1356 1818 1394 Flaminiis
1845 1370 1881 1394 a.
1912 1371 1953 1394 u.

176 1438 210 1462 c.
234 1423 438 1463 CCCXXI
465 1430 612 1475 propter
645 1423 883 1474 pestilentiam
917 1437 985 1474 pro
1018 1423 1222 1461 valetudine
1253 1422 1376 1474 populi
1408 1428 1528 1461 votam
1563 1436 1644 1460 esse
1678 1424 1862 1471 narravit,
1904 1424 1955 1460 ita

175 1493 312 1544 pergit:
353 1492 474 1529 dieser
509 1490 664 1541 Tempel
696 1491 823 1529 warde
856 1491 951 1528 πυρὶ
982 1490 1103 1528 Jahre
1140 1493 1286 1540 spilter,
1324 1490 1482 1527 nemln‘ch
1521 1490 1572 1526 im
1601 1489 1726 1528 Jahn-e
1754 1490 1842 1526 323
1882 1502 1956 1527 von

176 1561 259 1597 dem
292 1559 435 1597 Consul
471 1558 517 1596 C.
555 1558 684 1596 Julius
716 1557 853 1596 Manto
891 1558 931 1593 ίη
964 1556 1224 1594 Abwesenheit
1264 1558 1381 1594 seines
1414 1556 1592 1607 Colleqen
1626 1556 1824 1604 Quinctius
1853 1555 1954 1594 Pen-

176 1643 244 1665 nus
273 1627 515 1666 Cincinnatus
523 1652 536 1672 ,
565 1626 645 1663 und
672 1624 767 1661 olme
791 1638 853 1661 um
881 1625 981 1661 diese
1005 1623 1109 1662 Elure
1136 1624 1297 1675 qelooset
1322 1638 1366 1660 zu
1399 1623 1539 1670 haben,
1575 1623 1837 1674 einqeweihet3
1872 1624 1955 1661 eine

182 1695 224 1732 V
220 1693 405 1743 erletzunq
440 1693 507 1729 der
537 1691 579 1729 V
576 1692 766 1743 erfassunq
794 1691 875 1727 und
898 1690 1055 1741 heiliqer
1085 1690 1326 1736 Gebriiuclaee,
1358 1690 1528 1726 war-iiber
1551 1689 1632 1725 siclt
1658 1689 1779 1725 dieser
1807 1689 1954 1726 danmls

174 1763 260 1800 selo·
288 1760 412 1807 slav-lc,
455 1758 606 1795 obwohl
631 1756 837 1809 verqeblt‘el·
868 1756 1056 1807 beklaqle,
1097 1757 1159 1794 die
1187 1757 1276 1794 aber
1304 1755 1400 1793 doeh
1431 1756 1512 1793 eine
1543 1755 1671 1793 zwet‘te
1700 1753 1953 1807 Eiuweilumq

176 1829 226 1864 im
252 1826 296 1865 J.
327 1826 419 1863 401
452 1824 581 1874 niitlniq
611 1823 780 1874 qemaelat
810 1837 856 1860 za
886 1823 1006 1860 haben
1035 1823 1199 1870 schint,
1234 1822 1342 1873 longe
1374 1829 1494 1859 tamen
1524 1821 1725 1872 simplicior
1754 1827 1811 1858 est
1836 1821 1952 1858 Rlau-

174 1895 264 1932 seuii
290 1892 465 1930 sententia
491 1889 638 1927 Aeneas
673 1889 749 1925 und
783 1889 842 1927 die
868 1890 1031 1927 Penaten
1058 1902 1096 1938 p.
1120 1887 1252 1935 1100,
1291 1889 1446 1938 priscam
1476 1888 1575 1925 illam
1602 1887 1728 1925 aedem
1754 1889 1794 1924 in
1821 1901 1952 1939 campo

173 1959 352 1997 Flaminio
372 1971 437 2009 per
456 1956 590 1993 Gallici
613 1954 770 1992 incendii
789 1955 1016 1992 occasionem
1040 1954 1202 2005 periisse,
1228 1967 1413 2004 quumque
1439 1959 1523 1991 ante
1547 1967 1671 1991 muros
1691 1955 1808 2004 posita
1835 1961 1949 2002 esset,

177 2040 251 2065 non
276 2032 379 2063 antea
405 2024 576 2061 refectam
604 2036 705 2070 esse,
735 2035 843 2072 quam
871 2029 907 2059 et
933 2022 1031 2059 domi
1058 2028 1092 2059 et
1117 2022 1205 2059 soris
1232 2035 1290 2058 res
1317 2021 1505 2058 Romanae
1529 2022 1568 2057 in
1595 2021 1764 2058 tutiorem
1790 2021 1952 2072 pacatio-

173 2107 322 2145 remque
349 2098 480 2131 statum
504 2090 705 2129 rediissent.
770 2088 909 2127 Suadet
939 2087 1009 2127 hoc
1039 2089 1146 2126 etiam
1174 2089 1252 2139 ipse
1279 2101 1416 2136 nexus,
1454 2100 1527 2139 quo
1553 2087 1616 2125 illa
1644 2086 1827 2126 dedicatio
1853 2087 1953 2140 apud

173 2163 320 2200 Livium
348 2165 534 2198 narratur:
575 2157 848 2209 leqionibusque
874 2156 1036 2193 Romam
1064 2156 1225 2193 reductis
1251 2155 1433 2206 relae'quum
1460 2156 1552 2192 amni
1574 2156 1689 2192 muris
1717 2156 1952 2207 turribusque

173 2229 381 2280 reficiendis
409 2230 632 2264 consumtum
659 2230 693 2261 el
723 2225 831 2261 aedes
859 2223 1053 2273 Apollinis
1082 2223 1253 2259 dedicata
1280 2228 1357 2270 est,
1394 2235 1462 2260 nec
1489 2223 1521 2260 si
1547 2223 1776 2261 occasionem
1807 2224 1951 2273 qnaeri-

172 2310 275 2344 mus,
315 2308 387 2346 qna
413 2292 570 2331 Romani
601 2290 645 2328 de
680 2288 922 2327 instaurandis
956 2289 1014 2327 dei
1039 2289 1231 2327 averrunci
1256 2287 1491 2341 religionibus
1520 2288 1707 2328 admoneri
1739 2295 1949 2340 potuerunt,

173 2362 272 2400 deest
306 2360 506 2412 pestilentia
539 2370 715 2395 annorum
750 2355 1071 2394 CCCLXXXIX
1096 2362 1132 2393 et
1160 2355 1336 2394 CCCXC
1371 2356 1469 2407 apud
1500 2357 1655 2394 eundem
1680 2356 1776 2394 vll.
1803 2355 1823 2392 1
1838 2381 1850 2403 ,
1890 2357 1952 2392 cui

174 2429 392 2467 avertendae
414 2428 526 2479 quum
552 2439 667 2463 novae
694 2425 915 2462 ceremoniae
940 2425 1209 2474 reciperentur,
1239 2436 1307 2461 nec
1330 2429 1471 2461 veteres
1499 2424 1636 2475 negligi
1665 2428 1952 2461 consentaneum

172 2504 270 2546 erat3
311 2497 387 2534 sive
423 2500 541 2532 autem
569 2492 659 2529 haec
690 2492 765 2529 sive
803 2503 1040 2541 quaecunque
1073 2490 1142 2527 alia
1176 2503 1283 2527 causa
1317 2490 1441 2541 templi
1475 2492 1606 2529 iterum
1636 2488 1831 2527 dedicandi
1864 2489 1949 2536 fuit,

173 2563 263 2601 illud
289 2568 386 2601 certe
410 2561 466 2599 vel
495 2562 572 2611 ipsa
601 2559 698 2596 Livii
728 2558 883 2596 brevitas
910 2563 945 2594 et
968 2557 1012 2595 de
1035 2557 1117 2596 loco
1144 2556 1325 2594 silentium
1352 2563 1470 2606 vetat,
1509 2572 1556 2595 ne
1583 2557 1683 2595 aliud
1708 2556 1781 2595 hoc
1805 2569 1951 2595 censea-

1446 2620 1474 2657 2
