2382 3016
1043 234 1112 279 11

188 350 313 400 templi
339 349 446 401 hujus
473 357 535 387 aut
561 350 751 388 locationis
777 350 995 387 mentionem
1023 349 1061 385 in
1087 346 1178 386 urbe
1208 349 1328 386 Roma
1359 349 1458 398 fieri,
1497 349 1770 401 hariolaturque
1799 351 1972 404 Pighius,

188 418 252 466 qui
271 415 375 453 Anu.
398 417 448 454 T.
468 417 524 464 11,
546 430 584 467 p.
601 416 688 454 558
715 416 811 454 hane
828 417 956 454 aedem
977 415 1102 452 mullis
1123 421 1253 465 postea
1277 417 1436 454 saeculis
1461 417 1599 454 ibidem
1622 419 1870 467 permansisse
1893 433 1975 458 eae-

186 484 342 535 piusque
373 484 419 520 ob
448 489 663 522 vetustatem
696 489 907 534 reparatam
937 495 1013 520 esse
1045 489 1190 530 narrat,
1236 484 1473 534 inscriptione
1507 484 1648 523 scilicet
1683 483 1821 533 fretus,
1862 499 1973 538 quam

188 553 274 603 quia
300 552 353 589 ad
377 552 495 601 ipsam
515 551 597 603 sere
622 551 745 601 ripam
775 550 934 598 Tiberis,
963 556 1061 588 retro
1088 550 1287 587 cerdonum
1308 550 1463 602 plaqam
1487 550 1531 602 (il
1553 549 1692 589 Ghetto
1717 550 1816 603 degli
1837 552 1969 601 Ebrei,

187 626 227 657 ut
249 618 429 671 videtur),
465 618 606 668 parieti
629 619 759 655 domus
781 617 953 667 privatae
984 617 1198 666 impressam
1224 616 1384 665 viderat,
1425 632 1470 655 ex
1504 618 1603 655 illius
1628 616 1730 656 aedis
1757 620 1876 658 ruini·
1907 634 1971 659 ex-

187 693 339 723 tractam
365 686 526 735 putavit‚
562 686 666 734 quasi
691 698 764 721 non
795 697 841 721 cx
867 684 980 720 altero
1006 684 1141 733 templo
1164 685 1202 720 in
1230 686 1343 733 pratis
1368 684 1560 722 Flaminiis
1587 684 1710 723 itidem
1737 687 1868 724 vicinis
1895 689 1971 738 peti

186 753 380 802 potuisset,
418 751 765 801 praesertimquum
800 764 873 788 non
900 750 1057 788 Medico
1083 749 1262 799 Apollini
1286 750 1351 787 sed
1376 750 1591 800 simpliciter
1619 749 1762 790 Sancto
1793 752 1920 791 aedem
1948 767 1971 790 a

185 818 360 858 Memmio
383 817 543 854 Vitrasio
570 816 689 854 Orfito
716 817 832 867 praef.
860 816 961 853 urbis
988 817 1168 866 provisam
1192 830 1274 854 esse
1299 817 1472 854 testetur!
1528 817 1660 868 Longe
1687 818 1853 867 profecto
1881 833 1969 858 eau-

184 886 255 922 tior
282 882 507 922 Urlichsius:
549 884 599 919 da
633 896 674 920 er
705 887 832 934 spiiter
860 884 922 920 nie
948 883 1053 919 meln-
1079 883 1245 920 evwiilmt
1277 884 1396 928 wird,
1435 896 1476 920 so
1508 883 1557 920 ist
1586 896 1624 920 es
1656 884 1840 934 mdqlieh,
1881 887 1969 923 dass

183 958 291 989 unler
323 953 394 989 den
427 951 602 988 Hausern
636 952 716 987 und
759 949 959 1000 Tempeln,
1001 948 1142 986 welche
1181 948 1301 986 Cesar
1332 963 1414 986 zum
1445 949 1556 988 Bane
1597 950 1662 987 des
1703 964 1777 989 von
1817 950 1968 1004 August

183 1018 416 1056 vollendeten
445 1016 816 1055 Marcellustlaeaters
844 1015 1053 1054 abbreelien
1082 1015 1188 1063 lies-s,
1224 1015 1320 1054 auch
1348 1016 1469 1054 dieser
1494 1015 1575 1055 sicle
1607 1016 1748 1069 befand
1756 1032 1771 1067 ,-
1808 1018 1861 1057 cf.
1891 1019 1967 1059 Dio

185 1085 293 1123 Cass.
323 1084 474 1121 XLIII·
510 1082 589 1120 49:
626 1082 701 1124 τοὶς
725 1079 767 1123 δὲ
791 1082 913 1124 otuelus
939 1081 1028 1124 τούς
1056 1098 1102 1123 τε
1129 1081 1242 1123 vactis
1268 1081 1355 1123 τούς
1377 1085 1419 1123 ἑν
1442 1082 1578 1136 ἐκείνῳ
1601 1086 1661 1137 τῷ
1687 1083 1820 1139 χωρίῳ
1849 1082 1967 1127 ὄντας

184 1152 201 1195 ὁ
225 1155 387 1207 Καῖσαρ
411 1149 613 1194 καθελών
634 1148 770 1192 αἰτίαν
793 1148 972 1198 ἔλαβεν,
998 1145 1057 1191 ὅτι
1083 1165 1130 1191 τε
1157 1148 1214 1191 πὶ
1240 1146 1475 1200 α’γοίλματα
1502 1146 1650 1202 ξύλινα
1673 1149 1789 1197 πλήν
1815 1148 1966 1202 ὅλῖγων

183 1220 280 1261 ’ὄντα
316 1218 547 1260 κατέκαυσε
577 1216 649 1258 καὶ
679 1216 904 1269 θησαυρούς
936 1214 1153 1269 χρημάτων
1179 1216 1341 1265 συχνοὺς
1371 1214 1489 1268 εὖρών
1513 1215 1675 1259 πάντας
1700 1217 1820 1260 αὐτὸς
1847 1222 1965 1273 ἐσφε-

184 1286 383 1341 τερίσατοε
421 1292 456 1322 at
484 1284 653 1335 quamvis
680 1282 750 1320 hac
776 1283 967 1321 occasione
999 1282 1138 1320 destrui
1171 1282 1348 1333 potuerit,
1388 1296 1429 1320 ea
1463 1288 1584 1321 tamen
1614 1282 1792 1323 dubitatio
1824 1293 1962 1333 manet,

184 1368 294 1405 quam
322 1367 366 1391 ex
393 1353 482 1403 ipsis
511 1350 610 1387 Livii
637 1349 758 1387 verbis
783 1350 987 1387 accuratius
1017 1350 1187 1400 inspectis
1218 1349 1363 1400 prodire
1389 1348 1484 1396 dixi,
1526 1363 1614 1387 num
1645 1364 1808 1401 unquam
1836 1366 1962 1391 revera

184 1427 408 1460 exstructum
439 1418 561 1454 fuerit.
625 1417 711 1454 Non
738 1416 809 1454 hoc
835 1415 940 1464 dico,
978 1415 1090 1453 locari
1117 1415 1263 1467 quidem
1290 1429 1311 1453 a
1338 1427 1486 1453 censore
1515 1416 1696 1465 potuisse,
1736 1431 1812 1456 non
1840 1424 1961 1457 tamen

184 1488 269 1525 inde
294 1487 419 1536 sequi,
459 1491 500 1521 ut
527 1496 686 1533 uuquam
719 1483 942 1533 perfectum,
980 1482 1194 1533 probatum,
1230 1482 1432 1520 dedicatum
1465 1482 1512 1518 sit
1521 1495 1534 1530 3
1575 1495 1784 1534 quanquam
1819 1492 1961 1524 certum

184 1568 230 1591 ne
253 1552 362 1604 hujus
389 1549 534 1602 quidem
561 1550 614 1587 rei
639 1550 883 1587 testimonium
904 1556 1040 1599 exstat3
1071 1548 1134 1586 sed
1161 1555 1201 1586 ut
1223 1549 1306 1586 talia
1330 1547 1538 1599 singulatim
1564 1551 1727 1587 enarrari
1749 1563 1824 1589 non
1852 1564 1961 1602 opor·

182 1621 312 1667 tuerit,
348 1624 471 1655 votum
499 1623 617 1665 certe,
652 1618 713 1653 cui
738 1615 913 1653 solvendo
939 1615 1062 1653 aedem
1085 1615 1184 1652 illam
1210 1614 1416 1653 Urlichsius
1441 1614 1576 1653 factam
1602 1628 1684 1654 esse
1710 1617 1812 1664 vult,
1851 1617 1961 1669 longe

104 1681 110 1683 i
184 1687 283 1724 aliud
307 1685 452 1723 invenio
478 1683 576 1735 apud
603 1683 749 1720 Livium
777 1682 867 1720 XL.
890 1681 969 1720 57:
1000 1683 1199 1720 decemviri
1227 1682 1342 1720 libros
1373 1682 1575 1731 inspicere,
1610 1683 1742 1720 consul
1762 1682 1957 1734 Apollini,

183 1744 426 1802 Aesculapio,
458 1749 589 1787 Saluti
611 1751 710 1787 dona
736 1762 867 1787 vovere
895 1754 932 1786 et
960 1750 1051 1785 dare
1073 1750 1180 1800 siqua
1206 1750 1394 1795 inaurata,
1425 1761 1521 1799 quae
1547 1749 1649 1786 vovit
1675 1750 1866 1801 deditque,
1896 1750 1961 1788 ubi

182 1823 214 1859 si
241 1833 375 1858 novum
402 1817 575 1867 templum
606 1815 652 1853 ab
678 1817 820 1866 integro
844 1815 980 1852 exstrui
1007 1814 1222 1865 placuisset,
1260 1814 1299 1852 id
1325 1821 1409 1853 ante
1442 1816 1563 1854 omnia
1593 1818 1870 1855 commemorari
1896 1817 1958 1857 dc·

182 1886 312 1935 bebat3
350 1897 448 1921 nunc
475 1884 595 1920 omnia
625 1883 663 1919 in
696 1888 850 1919 veterem
877 1880 1087 1932 Apollinem
1113 1881 1370 1928 conferuntur,
1407 1881 1452 1918 de
1488 1895 1584 1920 novo
1616 1882 1730 1920 altum
1757 1883 1956 1932 silentium,

182 1953 281 2006 quod
304 1951 402 1990 haud
427 1951 503 1987 scio
530 1963 577 1987 an
603 1949 693 1987 adeo
720 1955 887 2000 argutum
913 1949 980 1996 sit,
1010 1954 1052 1984 ut
1078 1949 1269 1985 maximam
1296 1949 1416 1998 potius
1442 1949 1667 1987 mirationem
1695 1950 1829 1997 faciat,
1858 1950 1961 2000 quod

183 2021 307 2073 paucis
341 2018 446 2056 annis
478 2022 563 2068 post
596 2015 642 2053 de
675 2028 771 2054 novo
802 2015 936 2066 templo
971 2016 1121 2066 cogitari
1154 2014 1330 2052 videmus.
1396 2013 1555 2054 Accedit
1588 2023 1629 2054 ut
1661 2017 1740 2067 ipse
1766 2016 1829 2055 ille
1855 2023 1961 2055 vetus

184 2087 322 2139 Apollo
346 2087 384 2122 in
411 2096 539 2134 campo
560 2082 740 2119 Flaminio
765 2083 930 2132 quamvis
957 2095 1030 2118 non
1054 2083 1220 2131 nomine,
1253 2088 1290 2118 at
1317 2088 1415 2120 certe
1443 2096 1483 2120 re
1509 2089 1546 2120 et
1568 2084 1709 2134 origine
1731 2081 1858 2121 itidem
1884 2097 1959 2121 me·

181 2156 285 2193 dicus
311 2153 442 2198 fuerit,
485 2151 545 2187 cui
579 2149 733 2186 vidimus
765 2162 860 2186 anno
887 2147 1104 2187 CCCXXI.
1121 2149 1215 2185 inter
1245 2148 1315 2185 alia
1341 2148 1453 2186 multa
1479 2148 1679 2200 placandae
1705 2149 1857 2188 deorum
1884 2151 1960 2188 irae

181 2220 468 2270 avertendaeque
493 2216 539 2254 ab
567 2216 656 2253 urbe
682 2216 793 2267 pestis
818 2228 927 2252 causa
954 2214 1049 2252 facta
1079 2213 1202 2252 aedem
1233 2228 1300 2265 pro
1327 2214 1534 2253 valetudine
1559 2216 1685 2267 populi
1712 2223 1835 2255 votam
1861 2231 1958 2264 esse,

182 2302 250 2327 nec
277 2289 307 2325 si
337 2286 394 2324 vel
422 2285 574 2322 maxime
600 2283 677 2320 fieri
706 2289 864 2333 poterat,
891 2288 932 2319 ut
957 2282 1053 2319 idem
1080 2294 1213 2319 numen
1240 2281 1392 2320 diversis
1419 2283 1698 2335 cognominibus
1726 2285 1763 2321 in
1792 2283 1960 2335 pluribus

181 2355 326 2406 templis
359 2353 558 2400 coleretur,
599 2350 758 2403 ejusdem
785 2355 905 2388 tamen
936 2350 1094 2387 muneris
1130 2362 1263 2397 causa,
1301 2350 1373 2388 nisi
1401 2349 1439 2388 id
1475 2364 1608 2389 munus
1640 2349 1687 2389 ad
1722 2350 1828 2402 plura
1858 2350 1961 2390 urbis

181 2423 262 2460 loca
300 2420 508 2472 singulatim
543 2425 742 2470 spectaret,
779 2417 882 2467 plura
917 2416 1033 2454 eidem
1065 2415 1198 2465 templa
1225 2416 1282 2452 vel
1309 2418 1456 2455 omnino
1492 2417 1550 2454 vel
1579 2416 1669 2455 adeo
1701 2419 1818 2455 vicina
1845 2418 1961 2457 dicari

181 2490 340 2539 potuisse
367 2487 548 2525 videntur.
604 2486 778 2523 Omnium
805 2491 924 2521 autem
948 2483 1200 2533 gravissimum
1227 2490 1299 2530 est,
1329 2483 1428 2534 quod
1451 2483 1551 2521 aedis
1576 2482 1806 2534 Apollinaris
1827 2486 1962 2523 mentio

182 2569 266 2593 cum
305 2555 454 2606 reliquis
493 2552 686 2598 aediliciis,
726 2549 859 2601 quibus
897 2549 994 2600 apud
1030 2549 1176 2587 Livium
1215 2549 1447 2602 adjungitur,
1491 2563 1616 2601 parum
1653 2556 1737 2601 apte
1775 2552 1959 2602 congruit.

1438 2615 1466 2652 2
