2382 3016
1258 183 1331 231 22

400 304 596 350 hin-amur,
628 308 668 340 ut
696 314 809 353 pauca
839 304 977 338 tantum
1005 298 1103 336 velut
1129 298 1310 337 corollarii
1334 299 1448 337 instar
1475 298 1677 350 adjicienda
1705 300 1908 339 videantur.
1967 301 2077 349 Quod
2100 302 2194 340 enim

397 372 499 408 initio
533 369 778 420 quaerendum
813 380 1025 418 posueram,
1065 378 1131 402 cur
1163 364 1301 416 Apollo
1329 366 1558 415 potissimum
1591 367 1628 403 in
1656 367 1719 404 illo
1748 369 1908 405 carmine
1935 369 2192 419 appellaretur,

397 437 442 474 ad
473 437 599 473 intima
626 435 787 486 Augusti
816 432 965 471 consilia
994 433 1208 484 pertinuisse
1243 431 1399 470 vidimus
1410 446 1422 481 3
1463 430 1567 482 cujus
1603 433 1634 470 si
1670 447 1808 471 merum
1842 433 2025 473 Graecum
2062 450 2195 474 numen

397 505 484 552 fuit,
514 503 622 540 simul
652 503 758 539 etiam
791 505 963 551 apparet,
1001 499 1184 551 quomodo
1211 505 1247 537 et:
1274 500 1394 536 Diana
1421 499 1474 535 illi
1503 504 1629 536 contra
1656 505 1814 537 veterem
1842 502 2092 540 Romanorum
2117 516 2193 541 mo-

396 585 471 608 rem
507 569 591 606 addi
626 569 783 618 potuerit
818 574 853 605 et
884 569 1029 617 propria
1066 568 1256 617 utriusque
1292 579 1445 603 munera
1481 580 1565 603 cum
1594 565 1684 604 Sole
1716 573 1752 604 et
1785 566 1895 604 Luna
1923 569 2074 606 confusa
2104 571 2191 618 sint,

396 637 527 689 quibus
563 636 763 686 antiquitus
800 634 1033 685 peculiariter
1069 646 1173 670 sacra
1212 632 1369 682 fiebant,
1414 639 1559 683 praeter
1583 632 1673 670 haee
1706 639 1850 682 autem,
1890 649 1984 686 quae
2011 635 2194 688 plerisque

396 718 441 741 nc
469 703 708 754 explicatione
736 701 881 752 quidem
909 700 1069 751 indigere
1093 699 1336 748 videbuntur,
1366 699 1458 737 illud
1486 713 1633 751 quoque
1660 700 1884 751 explicatur,
1913 702 2011 753 quod
2040 705 2192 741 exactis-

396 772 474 808 simi
499 770 626 820 judicii
654 771 771 805 virum
802 767 957 805 Godot'r.
992 767 1249 804 Hei-mannum
1284 767 1434 806 offendit
1460 769 1498 805 in
1530 781 1684 805 censura
1717 768 1831 806 libelli
1863 769 2193 820 Schmelzkopfiani

395 838 444 875 N.
474 836 567 874 Jbb.
608 835 732 881 1858,
771 835 820 871 Τ.
847 834 1005 880 XXIII,
1036 847 1075 884 p.
1103 832 1208 871 197:
1254 834 1353 871 kann
1392 848 1479 871 man
1518 841 1632 872 etwas
1672 834 1895 887 Gerc'nqeres
1929 838 2008 874 und
2040 837 2192 889 Alliaq-

397 904 552 941 lae'clieres
578 916 647 939 von
672 903 743 938 den
777 901 933 937 Giitlern
954 902 1173 950 praeliciren
1201 902 1258 938 als
1286 901 1487 939 colendi
1515 915 1698 952 semper
1725 908 1769 939 et
1795 903 1919 941 culti
1926 905 1942 940 ζ)
1996 905 2094 942 Vere
2121 905 2192 942 hoc

402 972 543 1010 monuit
563 971 811 1015 Hermannus,
841 969 872 1005 si
891 969 916 1005 ii
936 967 985 1005 dii
1007 969 1280 1016 invocarentur,
1311 970 1375 1019 qui
1401 982 1420 1005 a
1446 968 1653 1019 primordiis
1673 970 1829 1007 civitatis
1849 970 1939 1007 culti
1955 978 2098 1021 essent3
2123 971 2193 1009 alia

399 1052 485 1077 vero
514 1051 621 1075 causa
649 1042 702 1073 est
735 1048 883 1082 corum,
920 1036 985 1085 qui
1015 1049 1134 1085 nuper
1160 1035 1306 1072 demum
1339 1036 1433 1072 intra
1466 1037 1690 1086 pomoerium
1719 1038 1856 1087 recepti
1881 1037 2006 1075 futuro
2039 1040 2193 1076 maxime

397 1105 510 1143 cultui
536 1102 854 1149 commendantur,
885 1115 1095 1152 quanquam
1121 1102 1247 1140 eadem
1270 1116 1380 1153 opera
1406 1110 1512 1154 poeta
1541 1110 1667 1151 curat,
1695 1118 1742 1142 ne
1769 1118 1918 1155 prorsus
1946 1118 2040 1142 nova
2068 1119 2192 1143 eorum

396 1172 521 1223 religio
551 1170 737 1216 videatur,
780 1168 844 1205 sed
881 1181 948 1206 suo
983 1168 1142 1219 quodam
1169 1169 1255 1219 jure
1289 1169 1412 1207 locum
1449 1171 1543 1208 inter
1569 1183 1655 1218 eos,
1695 1172 1828 1223 quibus
1852 1177 1989 1221 septem
2016 1172 2193 1221 placuere

396 1239 523 1283 colles,
551 1237 747 1274 inveniant.
806 1234 935 1286 Atque
961 1235 1032 1273 hoc
1061 1235 1256 1273 artificium
1284 1250 1350 1287 per
1374 1243 1491 1274 totum
1517 1250 1664 1275 carmen
1683 1245 1824 1289 regnat,
1852 1239 2073 1277 simillimum
2095 1239 2188 1289 ejus,

395 1319 466 1357 quo
494 1305 613 1356 ipsum
644 1302 857 1354 Augustum
886 1304 1078 1354 imperium
1107 1317 1214 1341 suum
1247 1303 1453 1342 condidisse
1481 1304 1661 1353 vidimus,
1699 1312 1763 1353 ut,
1804 1305 1890 1344 dum
1918 1317 2067 1356 prorsus
2098 1319 2191 1343 nova

394 1380 428 1410 ct
450 1372 496 1410 ab
524 1373 670 1422 antiquo
699 1384 797 1409 more
826 1370 1060 1409 abhorrentia
1084 1371 1304 1419 institueret,
1335 1372 1565 1422 antiquarum
1594 1373 1794 1410 formarum
1821 1374 1979 1424 speciem
2006 1374 2187 1421 retineret,

394 1440 488 1477 unde
521 1440 627 1477 etiam
655 1438 715 1475 hic
743 1439 884 1475 factum
915 1444 995 1486 est,
1034 1444 1076 1474 ut
1108 1437 1205 1475 docti
1233 1438 1448 1489 interpretes
1476 1440 1596 1476 omnia
1624 1439 1733 1490 plana
1761 1446 1797 1478 et
1823 1441 2013 1478 manifesta
2044 1454 2191 1478 cernere

395 1507 465 1544 sihi
492 1506 718 1553 viderentur,
749 1505 811 1542 ubi
841 1519 914 1543 non
944 1505 1182 1554 dubitamus,
1213 1506 1303 1556 quin
1327 1507 1381 1553 is,
1412 1507 1476 1556 qui
1500 1505 1682 1546 veteribus
1710 1507 1947 1558 religionibus
1975 1514 2010 1545 et
2037 1509 2189 1558 pristino

388 1575 463 1625 juri
495 1587 600 1611 sacro
628 1580 794 1611 assuetus
820 1579 940 1622 esset,
979 1573 1092 1610 multa
1123 1585 1217 1610 nova
1244 1578 1354 1623 atquc
1386 1572 1547 1610 inaudita
1575 1573 1869 1624 deprehensurus
1898 1575 2020 1614 suerit.
2078 1575 2188 1613 Mitto

394 1641 532 1688 Solem,
562 1640 720 1678 Sabinae
748 1642 938 1690 prosapiae
966 1640 1074 1677 deum
1104 1641 1254 1690 (Festus
1282 1653 1314 1676 s.
1334 1653 1371 1675 v.
1394 1637 1619 1691 Aureliam),
1649 1643 1687 1677 in
1714 1641 1926 1692 Apollinem
1955 1654 2185 1688 conversum,

394 1708 498 1746 mitto
525 1708 707 1758 Ilithyiam
736 1722 818 1745 cum
847 1707 1016 1745 Genitale
1044 1707 1250 1755 confusam,
1287 1713 1328 1744 ut
1354 1707 1520 1745 Lucinae
1549 1707 1779 1759 respondeat,
1809 1723 1918 1760 quam
1946 1711 2061 1760 ipsam
2090 1722 2188 1746 nunc

396 1776 551 1812 Dianam
586 1775 678 1821 dici,
715 1789 787 1813 non
820 1776 1032 1821 Junonem,
1075 1775 1243 1825 superius
1275 1775 1423 1823 monui3
1465 1781 1502 1812 at:
1528 1774 1724 1825 Apollinis
1760 1782 1795 1813 el
1827 1776 1961 1814 Lunae
1988 1791 2081 1828 opus
2107 1790 2189 1815 esse

395 1842 521 1879 urbem
549 1844 727 1889 Romam,
763 1856 962 1893 eorumque
989 1843 1121 1879 virtute
1147 1842 1247 1879 Ilias
1275 1848 1415 1878 [temnas
1441 1842 1528 1878 litus
1555 1842 1756 1879 Etruscam
1785 1844 1963 1892 tenuisse,
1986 1844 2064 1895 jam
2092 1845 2187 1882 Por-

397 1909 525 1960 phyrio
559 1911 596 1945 in
634 1909 783 1947 scholiis
820 1916 928 1961 negat
961 1924 1000 1948 se
1029 1909 1150 1948 videre
1183 1909 1368 1960 quomodo
1395 1910 1575 1947 Horatius
1603 1909 1722 1947 dicere
1750 1912 1929 1960 potuerit,
1969 1913 2045 1949 nisi
2071 1913 2186 1963 sorte,

398 1977 535 2026 inquit,
575 1989 619 2012 ex
646 1976 802 2027 lectione
835 1976 1051 2028 Virqiliana
1082 1977 1153 2014 boc
1184 1977 1350 2027 accepit,
1389 1977 1456 2013 ubi
1482 1977 1620 2014 dicitur
1644 1978 1859 2030 [requenter
1882 1977 2078 2029 Apollinis
2104 1992 2187 2016 ora-

399 2043 493 2078 culis
523 2044 736 2079 instmctum
764 2043 932 2079 Aeneam
963 2044 1121 2081 Italiam
1147 2046 1320 2093 petiisse,-
1359 2057 1426 2081 nee
1459 2058 1567 2093 quem
1603 2045 1694 2081 scite
1721 2045 1932 2081 Diintzerus
1964 2045 2085 2082 Rritik
2112 2046 2189 2082 und

399 2109 608 2160 Erkliirung·
636 2110 699 2147 der
726 2109 832 2147 Oden
862 2109 925 2147 des
952 2111 1097 2158 Horaz,
1132 2110 1421 2161 Braunschweig
1448 2109 1576 2147 1840.
1606 2109 1650 2157 8,
1679 2125 1717 2160 p.
1744 2109 1796 2148 51
1826 2124 1909 2149 cum
1935 2118 2060 2150 nostro
2089 2125 2187 2149 com-

400 2182 501 2226 parat
528 2176 647 2213 locum
676 2176 751 2213 od.
782 2177 853 2214 IV.
885 2176 927 2213 6.
958 2176 1035 2224 21,
1073 2177 1172 2214 aliud
1200 2177 1353 2227 probat,
1394 2179 1463 2214 nisi
1489 2176 1709 2227 Augustalis
1736 2180 1864 2215 aetatis
1893 2183 2015 2228 pectas
2045 2178 2186 2221 in‚Ae-

400 2257 487 2280 neae
515 2243 623 2280 rebus
649 2243 904 2293 promovendis
933 2251 1073 2293 praeter
1097 2245 1278 2282 Venerem
1304 2244 1489 2294 Apollinis
1514 2257 1659 2294 quoque
1687 2251 1807 2294 partes
1835 2245 1976 2294 aliquas
2001 2247 2184 2293 statuisse,

402 2324 489 2358 quas
518 2316 636 2346 tamen
663 2323 781 2359 neque
807 2311 844 2345 in
872 2312 985 2346 sacris
1013 2312 1263 2347 Romanorum
1292 2324 1410 2360 neque
1435 2311 1473 2347 in
1498 2310 1639 2361 vulgari
1670 2312 1841 2348 memoria
1867 2310 2184 2361 deprehendimus.

402 2376 559 2412 [fnicnm
587 2376 767 2427 refugium
795 2375 856 2412 hic
882 2389 1027 2426 quoquc
1053 2377 1100 2412 ad
1124 2377 1327 2427 Sibyllinos
1355 2376 1469 2413 libros
1496 2383 1614 2427 patet,
1653 2390 1746 2427 quos
1777 2390 1891 2426 quum
1916 2375 2064 2414 Aeneae
2088 2391 2186 2415 men—

403 2444 534 2479 tionem
571 2444 792 2480 continuisse
827 2444 998 2493 Dionysii
1025 2443 1114 2479 IIal.
1144 2444 1178 2480 I.
1210 2442 1266 2479 49
1301 2444 1503 2480 testimonio
1535 2450 1697 2490 constet,
1737 2443 1919 2480 Miillerus
1946 2445 1983 2479 in
2011 2443 2188 2482 Classical

404 2509 560 2547 Journal
590 2510 613 2546 l.
642 2524 674 2547 c.
708 2524 745 2560 p.
771 2507 855 2546 515
889 2508 998 2560 hujus
1026 2523 1172 2561 quoque
1204 2510 1289 2547 fatis
1322 2508 1533 2559 Apollinem
1567 2523 1673 2547 suum
1701 2510 1940 2547 immiscuisse
1967 2512 2184 2562 suspicatur,
