2382 3016
1239 206 1277 250 S

365 325 470 363 bricii
505 325 663 361 narratio
698 337 735 374 p.
762 321 837 359 56:
884 320 1092 369 Quirinalis
1122 320 1199 357 alio
1227 319 1376 356 nomine
1403 318 1575 369 Aqonius
1607 320 1668 356 vel
1694 319 1905 375 Aqonergsis
1934 328 1970 359 et
1997 323 2036 359 in
2064 335 2153 374 qua-

366 395 452 429 dam
488 392 548 427 sui
580 396 690 440 parte
723 402 827 425 mons
866 387 1084 425 Clatrati
1118 386 1396 436 Apollinis,
1440 398 1550 434 quam
1588 387 1704 422 secuti
1742 385 1840 422 haud
1879 390 1958 426 scio
1996 402 2043 425 an
2082 403 2155 426 non

366 458 473 495 modo
503 457 629 495 Clatra
659 455 722 492 illa
748 456 870 492 nescio
899 467 971 505 qua
1004 453 1250 491 cancellorum
1279 452 1345 490 dea
1376 450 1640 502 defungamur,
1679 464 1805 489 verum
1832 453 1939 490 etiam
1967 453 2012 491 de
2034 452 2154 505 Apol-

365 525 437 560 line
462 524 570 573 louge
597 521 702 558 aliter
728 527 883 558 statuere
911 521 1114 570 possimus,
1151 533 1194 556 ac
1221 519 1381 556 Miillero
1412 530 1495 554 cum
1523 518 1808 567 regionariorum
1838 518 2155 568 interpolatoribus

367 592 483 628 visum
515 595 584 626 est.
651 587 811 626 Clatram
842 592 940 624 certe
971 600 1016 624 ne
1050 586 1282 636 inscriptione
1315 583 1459 635 quidem
1491 582 1577 630 illa,
1624 596 1734 633 quam
1770 583 1952 623 Miillerus
1990 586 2153 635 adhibet,

373 665 483 694 tutam
515 669 595 692 esse
631 660 779 704 apparet
809 666 853 690 ex
886 652 1015 689 Orellii
1042 652 1159 688 Inscr.
1192 651 1277 688 Lat.
1311 650 1422 700 ampl.
1454 649 1666 686 collectione
1697 649 1749 685 Τ.
1778 650 1833 696 11,
1870 664 1908 700 p.
1939 651 2049 700 455,
2093 653 2156 690 ubi

374 725 446 774 jam
474 721 681 772 Mass'ejum,
710 725 899 757 emunctae
926 719 1024 755 naris
1052 717 1253 765 hominum,
1292 717 1336 754 de
1361 716 1440 767 ejus
1467 717 1681 753 auctoritate
1706 715 1890 754 dubitasse
1916 717 2084 769 legimus,
2116 726 2157 756 ut

372 803 481 841 quam
510 802 532 825 a
557 788 708 838 Ligorio
734 786 854 823 fictam
880 797 959 822 esse
985 785 1061 821 veri
1084 783 1306 820 simillimum
1327 784 1394 831 sit,
1436 796 1505 820 nce
1539 783 1570 819 si
1598 781 1656 819 vel
1682 783 1836 820 maxime
1862 786 2020 835 genuina
2047 791 2154 832 esset,

369 858 486 908 figura
523 854 676 905 panthea
711 866 793 890 cum
827 851 1029 902 insignibus
1064 852 1193 901 partim
1230 851 1370 887 Dianae
1406 850 1536 900 partim
1576 849 1685 886 Isidis
1727 849 1864 901 (Spon.
1901 851 2013 888 Misc.
2049 851 2153 889 erud.

369 924 512 974 antiqu.
550 936 587 972 p.
617 919 691 971 87)
727 933 805 957 eam
841 918 1087 969 antiquitatem
1122 923 1332 965 testaretur,
1373 931 1485 969 quam
1517 913 1728 968 Argeorum
1763 916 1939 955 sacrificia
1967 917 2153 966 referunt3

377 992 567 1029 Clatratus
594 994 710 1024 autem
733 984 871 1036 Apollo
898 984 1023 1022 eodem
1050 984 1158 1022 modo
1186 984 1259 1021 dici
1286 990 1447 1034 poterat,
1478 997 1551 1034 quo
1578 983 1847 1020 Sandaliarius
1872 984 1971 1034 apud
1999 985 2152 1023 Sueten.

371 1059 420 1095 V.
452 1057 584 1094 Octav.
616 1067 649 1090 c.
676 1052 755 1099 57,
792 1058 855 1087 aut
884 1051 1042 1099 Tortor,
1078 1061 1151 1102 quo
1179 1052 1395 1102 cognomine
1422 1051 1452 1087 is
1480 1050 1591 1098 deus,
1621 1050 1747 1087 eodem
1775 1057 1865 1087 teste
1893 1063 1928 1086 c.
1959 1049 2036 1099 70,
2067 1064 2155 1102 qua·

371 1127 453 1163 dam
482 1127 517 1162 in
546 1129 644 1174 parte
667 1119 767 1156 urbis
793 1118 998 1165 colebatur,
1038 1119 1089 1155 cf.
1120 1119 1300 1168 Btiuiger.
1330 1117 1382 1154 kl.
1413 1117 1525 1155 Schr.
1556 1118 1607 1154 T.
1634 1117 1668 1165 I,
1699 1131 1737 1168 p.
1768 1115 1846 1164 58,
1877 1116 1918 1155 h.
1945 1131 1979 1154 e.
2011 1119 2157 1168 signum

372 1191 517 1243 aliquod
545 1190 614 1227 vici
640 1185 792 1225 ornandi
821 1198 929 1222 causa
956 1185 993 1221 in
1019 1183 1166 1235 publico
1197 1185 1378 1234 positum,
1415 1183 1514 1234 quod
1539 1198 1560 1221 a
1589 1184 1783 1233 cancellis,
1821 1183 1954 1236 quibus
1981 1183 2027 1221 ab
2063 1184 2157 1236 inju-

369 1261 433 1296 riis
461 1255 668 1308 plebeculae
695 1253 972 1299 defenderetur,
1010 1252 1153 1288 clatrati
1180 1264 1382 1302 cognomen
1410 1251 1534 1299 duxit,
1574 1252 1683 1302 idque
1710 1266 1842 1289 nomen
1871 1252 2025 1290 sortasse
2049 1253 2155 1289 etiam

371 1328 405 1362 in
435 1327 553 1361 vicum
580 1321 787 1367 transtulit,
817 1319 913 1356 unde
940 1319 1057 1356 medio
1084 1318 1229 1355 demum
1257 1332 1346 1356 aevo
1374 1318 1498 1356 Clatra
1526 1318 1592 1357 dea
1620 1321 1686 1357 toti
1712 1320 1917 1370 antiquitati
1944 1320 2069 1370 ignota
2095 1333 2156 1357 ex·

370 1406 454 1429 cusa
480 1397 547 1428 est.
605 1388 680 1426 Sed
707 1387 797 1424 haee
825 1388 863 1424 in
892 1386 1099 1437 conjectura
1128 1393 1265 1424 tantum
1293 1387 1411 1436 posita
1438 1393 1567 1434 sunt03
1608 1386 1699 1424 illud
1729 1393 1850 1424 tamen
1878 1400 1944 1437 pro
1971 1386 2157 1437 explorato

371 1460 546 1496 affirmare
568 1455 697 1502 audeo,
727 1468 794 1492 nec
822 1456 1106 1506 regionariorum
1128 1452 1341 1491 testimoniis
1364 1466 1481 1504 neque
1507 1454 1742 1504 inscriptione
1765 1454 1827 1491 illa
1844 1454 2032 1505 Sponiana
2052 1455 2157 1506 quid-

373 1539 479 1577 quam
513 1525 556 1561 de
587 1521 770 1573 Apollinis
804 1521 938 1559 sacello
970 1523 1006 1559 in
1039 1521 1224 1569 Quirinali
1257 1526 1378 1558 monte
1406 1519 1542 1557 liberae
1569 1520 1790 1571 reipublicae
1816 1521 2041 1573 temporibus
2070 1536 2158 1560 con-

371 1595 495 1644 spicuo
522 1592 679 1638 firmari,
722 1603 839 1639 neque
866 1588 912 1625 ab
941 1588 1010 1625 hac
1039 1595 1140 1638 parte
1172 1589 1344 1626 destituta
1372 1588 1549 1625 correctio
1579 1587 1731 1625 Miilleri
1754 1602 1775 1625 a
1804 1588 1993 1626 codicibus
2020 1590 2159 1628 Varro-

369 1662 426 1696 nis
455 1658 623 1709 majorem
652 1655 963 1692 confirmationem
991 1657 1137 1706 accipit.
1203 1655 1315 1693 Solus
1350 1655 1445 1691 enim
1482 1653 1697 1702 Gotbanus,
1734 1655 1827 1691 sexti
1859 1654 1991 1692 decimi
2025 1657 2161 1694 saeculi

371 1728 486 1773 liber,
529 1727 678 1775 ipsoque
711 1723 873 1761 Miillero
908 1729 1000 1760 teste
1038 1721 1379 1773 interpolationibus
1417 1723 1652 1772 inquinatuS,
1696 1722 1801 1772 cujus
1835 1730 2018 1773 praeterea
2052 1724 2159 1761 fidem

373 1792 501 1830 callida
529 1791 740 1841 antiquioris
767 1792 971 1841 scripturae
1001 1790 1154 1826 imitatio
1182 1802 1411 1839 summopere
1432 1788 1641 1836 labefactat,
1670 1787 1780 1826 habet
1800 1789 1977 1839 polium-,-
2004 1791 2163 1840 optimus

372 1860 603 1896 Florentinus
635 1859 791 1907 itemque
818 1858 1035 1894 Hafniensis
1060 1863 1096 1893 et
1123 1857 1318 1893 Parisinus
1347 1856 1579 1892 consentiunt
1610 1856 1648 1907 in
1679 1855 1854 1904 pilonar,
1897 1856 1994 1894 unde
2023 1858 2163 1907 priores

373 1926 433 1962 alii
459 1925 541 1975 pila
575 1924 699 1971 naris,
737 1923 797 1960 alii
829 1923 912 1974 pila
941 1924 1093 1960 lionoris
1120 1923 1421 1974 exsculpserunt,
1455 1922 1664 1959 Bunsenius
1691 1926 1812 1958 autem
1837 1922 2017 1972 pulvinar
2039 1923 2162 1975 legen-

375 1994 460 2029 dum
488 2005 566 2029 esse
595 1990 771 2041 conjecit,
810 2004 962 2042 eamque
996 1991 1188 2028 lectionem
1217 2004 1286 2041 ego
1316 2003 1462 2041 quoque
1493 2003 1576 2027 cum
1605 1976 1855 2026 Ambroscllio
1887 1989 2060 2040 (Studien
2088 1991 2164 2028 und

376 2059 645 2109 Andeutungen
672 2060 721 2095 im
751 2057 885 2096 Gebiet
912 2058 975 2096 des
1008 2057 1267 2095 altriimischcn
1294 2056 1444 2095 Bodens
1475 2056 1551 2094 und
1579 2055 1734 2103 Cultus,
1773 2055 1928 2094 Vratisl.
1961 2055 2087 2095 1859.
2118 2057 2162 2106 8,

378 2142 414 2177 p.
444 2124 540 2177 171)
573 2125 739 2176 amplecti
771 2126 891 2163 nullus
921 2125 1069 2174 dubito,
1109 2125 1180 2163 hoc
1208 2132 1347 2164 tantum
1375 2125 1484 2163 modo
1510 2124 1696 2171 adhibito,
1728 2130 1767 2161 ut
1795 2123 1899 2161 Solis
1930 2123 2163 2172 vocabulum,

376 2193 474 2243 quod
498 2193 550 2228 illi
576 2206 620 2229 ex
645 2193 825 2239 Quinctil.
855 2194 889 2228 Ι.
922 2192 962 2228 7.
992 2191 1045 2229 12
1073 2192 1422 2239 subintellexerunt,
1458 2194 1546 2242 ipsis
1574 2191 1695 2228 verbis
1720 2192 1804 2228 addi
1832 2192 1967 2228 malim.
2025 2192 2166 2242 Nempe

378 2262 499 2298 nescio
524 2259 705 2309 quomodo
732 2259 911 2297 claudicat
937 2260 1026 2297 illud
1053 2261 1250 2297 advorsum
1279 2266 1353 2306 est,
1387 2245 1569 2310 longeque
1596 2265 1778 2309 praestare
1801 2258 1943 2295 videtur
1970 2259 2166 2295 advorsum

376 2341 441 2377 pro
479 2326 740 2377 praepositione
776 2325 902 2364 haberi
934 2332 976 2363 ut
1010 2327 1062 2363 cis
1094 2332 1130 2363 et
1164 2326 1244 2373 uls,
1289 2339 1381 2377 quas
1407 2325 1558 2363 Miilleri
1592 2338 1747 2362 acumen
1782 2338 1827 2362 ex
1855 2322 1975 2362 codd.
2007 2325 2167 2376 vestigiis

378 2393 519 2441 elicuit3
548 2393 617 2430 hoc
640 2393 751 2442 igitur
778 2399 819 2428 ut
841 2392 925 2438 fiat,
953 2406 1019 2442 pro
1047 2399 1101 2430 est
1125 2393 1278 2430 fidenter
1304 2394 1453 2430 restituo
1482 2392 1609 2439 Solis,
1638 2392 1736 2442 quod
1763 2392 1796 2427 si
1823 2404 1888 2440 per
1914 2391 2166 2441 compendium

381 2460 553 2510 scriptum
581 2465 659 2497 erat
685 2458 755 2504 sl',
795 2458 901 2496 facile
936 2460 1087 2496 transire
1122 2466 1262 2510 poterat
1289 2461 1324 2496 in
1353 2465 1409 2507 st,
1446 2458 1545 2509 quod
1583 2458 1637 2495 vel
1674 2470 1772 2494 nunc
1811 2456 2000 2508 diligentes
2036 2459 2168 2496 veteris

381 2527 581 2575 scripturae
609 2532 803 2563 sectatores
835 2527 871 2562 in
905 2525 1051 2563 elisione
1079 2526 1137 2563 vel
1163 2525 1331 2576 ecthlipsi
1359 2540 1425 2576 pro
1458 2532 1511 2563 est
1538 2538 1672 2575 ponere
1699 2523 1887 2570 videmus,
1928 2537 2043 2575 eoque
2070 2525 2168 2563 facto
