2382 3016
1069 227 1138 273 1⁸1

207 341 393 393 Apollinis
419 343 565 394 ingenio
591 343 797 392 fabulatur,
837 351 921 383 vera
956 350 1063 393 sunt,
1105 358 1224 396 neque
1258 359 1300 383 ea
1329 343 1569 382 saecularium
1606 340 1770 394 Augusti
1801 345 1906 396 origo
1941 351 2004 382 aut

206 423 253 446 ex
273 410 419 447 Horatii
443 410 603 447 carmine
628 416 691 448 aut
716 409 861 448 aliunde
888 417 1052 458 constat,
1081 424 1176 462 quae
1201 424 1284 449 cum
1312 411 1596 448 Terentinorum
1625 410 1853 449 institutione
1878 411 2004 462 aliquo

206 477 314 515 modo
341 477 543 528 comparari
568 478 694 527 possit.
752 478 909 516 Taurios
936 478 1055 526 ludos,
1082 480 1254 530 quoniam
1280 491 1433 530 prorsus
1455 477 1595 516 alienos
1618 476 1666 515 ab
1689 478 1760 516 bac
1786 479 2002 529 quaestione

207 557 361 593 censeo,
402 543 527 595 paucis
553 541 761 593 absolvam;
802 557 957 596 quorum
991 558 1123 584 nomen
1154 545 1253 598 quod
1287 544 1520 596 Hartungius
1551 543 1647 583 idem
1676 557 1759 583 cum
1788 545 2001 584 'Ferentinis

206 612 263 648 vel
290 612 500 648 Tarentinis
526 623 606 648 esse
631 611 695 658 ait,
723 612 802 661 ipse
826 613 870 648 iis
897 618 1091 662 repugnat,
1117 624 1212 663 quae
1237 613 1347 663 paulo
1373 619 1457 650 ante
1481 614 1533 649 T.
1553 614 1610 660 11,
1641 627 1681 663 p.
1707 612 1766 649 95
1793 612 1999 650 secundm

204 677 373 715 Servium
409 676 456 715 ad
487 676 647 715 Aeneid.
676 677 733 715 11.
765 675 849 715 140
882 677 928 716 de
960 677 1140 717 vocabulo
1173 692 1194 717 a
1228 685 1357 717 taurea
1391 679 1464 718 hoc
1498 686 1552 718 est
1589 694 1704 718 vacca
1743 678 1867 717 sterili
1900 677 1997 717 deri-

204 745 323 782 vando
347 744 510 793 dixerat3
544 757 586 781 ea
614 758 700 783 vero
724 758 834 782 vacca
859 745 959 796 quod
985 745 1054 783 diis
1080 746 1414 789 inferisimmolata
1440 761 1520 786 esse
1547 748 1723 794 traditur,
1753 753 1796 784 nt
1820 747 1900 784 lues
1926 759 1995 796 pn-

204 811 297 849 blica
335 813 372 848 in
411 825 490 848 eam
524 808 678 849 hostiam
710 817 931 860 verteretur,
973 813 1141 863 quamvis
1169 812 1286 862 primo
1317 819 1469 864 aspectu
1496 814 1779 852 Terentinorum
1805 826 1995 851 sacrorum

203 878 320 916 simile
345 877 530 925 videatur,
560 884 678 916 tamen
705 885 741 916 et
764 879 898 930 furvae
921 879 1064 917 hostiae
1088 878 1262 916 indicium
1289 878 1477 928 desidero,
1508 894 1582 932 quo
1608 882 1647 918 in
1674 880 1732 917 his
1759 893 1827 916 nec
1854 879 1993 917 Varro·

202 946 259 982 nis
286 957 353 982 nec
380 944 518 982 Valerii
543 944 697 982 Maximi
729 951 793 982 aut
825 946 963 982 Zosimi
994 946 1152 983 narratio
1186 951 1305 992 caret,
1341 959 1459 996 neque
1488 953 1552 984 aut
1575 948 1715 984 circum
1742 946 1989 990 Flaminium,

201 1026 275 1063 quo
300 1012 421 1050 Varro
445 1011 495 1049 L.
520 1011 571 1050 L.
596 1011 648 1050 V.
678 1010 763 1050 154
790 1011 896 1050 ludos
922 1012 1081 1050 Taurios
1103 1011 1233 1060 refert,
1265 1025 1347 1050 cum
1370 1027 1504 1064 ,campo
1527 1013 1698 1061 Martio,
1728 1014 1766 1050 in
1796 1025 1871 1063 quo
1893 1011 1990 1050 idem

201 1078 297 1129 apud
322 1078 564 1116 Censorinum
591 1079 810 1115 Terentinos
837 1078 1015 1126 collocat,
1044 1085 1109 1116 aut
1135 1079 1251 1116 libros
1271 1080 1433 1130 fatales,
1461 1079 1558 1116 unde
1584 1080 1738 1117 Servius
1765 1079 1991 1115 Tauriornm

200 1146 467 1183 institutionem
510 1145 660 1196 repetit,
713 1158 796 1182 cum
831 1142 1022 1196 Sibyllinis
1061 1151 1195 1184 temere
1229 1146 1506 1185 confundendos
1542 1159 1699 1196 censeo3
1746 1147 1799 1184 cf.
1838 1145 1990 1185 Mulieri

199 1212 380 1252 Etrusker
404 1213 455 1250 Τ.
482 1212 537 1260 ΙΙ,
567 1226 606 1263 p.
628 1210 706 1261 213
748 1211 904 1263 denique
936 1212 1154 1251 Terentinos
1181 1213 1384 1252 saeculares
1410 1213 1523 1252 fuisse
1552 1215 1659 1252 etiam
1691 1214 1791 1251 Livii
1817 1213 1989 1264 Epitome

200 1281 229 1318 l.
257 1280 396 1318 XLIX
437 1279 650 1327 confirmat,
698 1279 857 1317 Taurios
893 1278 990 1317 idem
1025 1280 1223 1318 XXXIX.
1254 1279 1312 1317 22
1346 1294 1381 1317 a.
1418 1295 1456 1318 u.
1493 1281 1689 1320 DLXVIJ
1730 1294 1797 1331 per
1834 1279 1986 1317 biduum

200 1348 319 1385 factos
345 1360 425 1385 esse
451 1352 598 1394 narrat,
640 1347 700 1384 cui
725 1359 822 1383 anno
847 1358 915 1383 nec
940 1345 1108 1385 Valerius
1133 1345 1268 1390 Antias
1292 1360 1360 1384 nec
1386 1347 1662 1397 quindecimviri
1688 1347 1787 1398 apud
1813 1346 1985 1385 Censori·

199 1428 287 1451 num
312 1414 514 1451 saeculares
538 1412 717 1459 tribuunt,
747 1412 965 1465 eosdemque
986 1415 1129 1464 saepius
1153 1413 1302 1450 rediisse
1323 1413 1382 1450 vel
1405 1427 1575 1464 praesens
1598 1422 1742 1465 tempus
1765 1413 1864 1465 apud
1888 1414 1985 1451 Var-

199 1494 323 1519 ronem
351 1480 478 1518 docet:
510 1481 597 1517 item
620 1479 739 1517 simili
764 1481 811 1517 de
836 1493 950 1518 causa
979 1481 1100 1518 circus
1124 1480 1334 1518 Flaminius
1359 1481 1511 1527 dicitur,
1544 1482 1611 1532 qui
1637 1482 1778 1519 circum
1804 1481 1982 1531 aedifica-

200 1553 259 1586 tus
288 1552 343 1586 est
373 1545 604 1584 Flaminium
638 1557 828 1596 campum,
866 1552 903 1585 et
931 1547 1032 1599 quod
1058 1546 1113 1584 ibi
1133 1559 1276 1599 quoque
1307 1545 1405 1584 ludis
1439 1546 1591 1584 Tauriis
1618 1547 1706 1600 equi
1735 1546 1877 1585 circum
1906 1560 1981 1584 me-

198 1620 255 1651 lae
283 1620 447 1651 currunt.
504 1611 716 1662 Apollinem
743 1619 862 1650 autem
889 1627 935 1650 ne
961 1615 1044 1663 quis
1071 1615 1190 1662 ipsum
1216 1619 1364 1662 propter
1390 1613 1612 1662 pestilentias
1639 1614 1710 1651 diis
1737 1614 1865 1650 inferis
1891 1615 1981 1651 assi—

198 1680 320 1728 milet,
349 1679 441 1718 duas
467 1679 597 1717 harum
623 1691 753 1717 causas
779 1678 968 1730 diligenter
996 1678 1169 1730 distingui
1192 1684 1355 1729 oportet,
1385 1692 1538 1729 quarum
1563 1679 1675 1718 altera
1699 1680 1738 1717 in
1766 1680 1981 1730 perniciosis

196 1754 312 1786 terrae
338 1745 645 1794 exhalationibus,
674 1745 785 1784 altera
811 1746 849 1782 in
875 1745 987 1783 nimio
1012 1745 1098 1783 solis
1123 1751 1227 1783 aestu
1252 1745 1486 1796 fontibusque
1511 1758 1576 1797 per
1601 1746 1759 1785 calorem
1782 1747 1979 1784 exsiccatis

194 1821 229 1851 et
256 1816 294 1851 in
321 1814 489 1864 paludem
516 1814 698 1850 conversis
725 1813 837 1862 posita
864 1818 941 1859 est,
977 1819 1088 1863 utque
1115 1811 1280 1849 damnosi
1307 1813 1497 1862 utriusque
1522 1815 1668 1863 generis
1693 1815 1844 1851 effectus
1867 1814 1978 1850 iidem

195 1882 291 1929 sint,
327 1879 495 1919 salutaris
520 1887 616 1920 certe
642 1880 721 1928 vis,
750 1893 843 1931 quae
866 1885 902 1917 et
927 1880 1005 1930 ipsa
1028 1879 1067 1917 in
1090 1878 1167 1918 sole
1191 1885 1267 1927 est,
1300 1878 1397 1931 apud
1424 1879 1560 1919 inferos
1586 1894 1659 1919 nou
1681 1881 1882 1933 reperitur,
1910 1880 1976 1919 sed

195 1948 233 1985 hi
259 1947 411 1999 piaculis
437 1947 609 1985 exorandi
635 1952 721 1983 sunt
746 1953 784 1985 et
808 1946 912 1996 quasi
937 1946 1090 1982 vicarias
1121 1945 1256 1982 hostias
1282 1952 1478 1995 expetunt,
1517 1948 1556 1983 iu
1585 1947 1722 1998 quibus
1748 1948 1974 1994 desaeviant,

195 2014 333 2066 Apollo
356 2028 463 2067 vero,
501 2013 565 2051 ubi
595 2014 684 2050 iram
707 2012 896 2064 deposuit,
930 2013 1008 2063 ipse
1041 2011 1176 2050 morbis
1210 2011 1393 2061 medetur,
1432 2019 1544 2064 utque
1564 2013 1717 2052 Miilleri
1742 2028 1896 2053 acumen
1928 2015 1975 2052 ad

195 2081 336 2121 Aesch.
366 2082 525 2119 Eumen.
555 2094 593 2130 p.
619 2077 810 2129 158sqq.
840 2078 1057 2118 catharticas
1087 2085 1122 2116 et
1155 2078 1342 2116 hilasticas
1375 2081 1597 2118 ceremonias
1623 2080 1807 2128 distinxit,
1845 2083 1896 2119 ita
1929 2095 1976 2120 ne

194 2152 226 2188 is
252 2149 397 2201 quidem
423 2146 609 2199 Apollinis
636 2146 770 2195 cultus,
800 2159 873 2197 quo
894 2144 1008 2184 libera
1034 2144 1238 2197 respublica
1262 2145 1449 2184 Medicum
1471 2148 1549 2186 sive
1570 2148 1755 2187 Paeanem
1780 2155 1974 2201 prosecuta

193 2224 248 2255 est
279 2215 466 2269 (Macrob.
496 2215 649 2253 satum.
671 2215 706 2251 1.
737 2212 834 2265 17),
871 2225 955 2250 cum
985 2227 1030 2251 eo
1063 2212 1237 2251 confundi
1269 2212 1399 2260 debet,
1437 2227 1511 2265 quo
1537 2215 1588 2252 dii
1613 2216 1721 2253 inferi
1748 2217 1787 2253 in
1811 2217 1973 2254 Terento

192 2283 451 2335 placabantur,
479 2281 611 2320 nedum
638 2280 842 2333 Palatinus,
871 2278 934 2330 qui
955 2292 1072 2330 neque
1098 2292 1163 2330 per
1188 2279 1410 2329 pestilentiae
1435 2282 1673 2331 occasionem,
1689 2282 1858 2320 conditus
1876 2289 1969 2328 erat,

192 2363 310 2401 neque
336 2362 489 2399 usquam
517 2349 566 2384 ita
592 2352 906 2393 commemoratur,
936 2352 976 2383 ut
1001 2345 1137 2383 medica
1167 2345 1226 2382 dei
1252 2347 1367 2383 virtus
1393 2360 1480 2396 prae
1504 2349 1648 2395 ceteris,
1676 2362 1770 2400 quas
1792 2350 1826 2386 ei
1854 2349 1971 2386 Gne-

193 2430 320 2457 corum
342 2416 470 2468 religio
490 2422 526 2454 et
545 2419 728 2466 poctarum
745 2412 870 2452 laudes
893 2412 1112 2461 tribuebant,
1141 2414 1334 2464 praecipue
1360 2413 1565 2453 extollatur.
1622 2414 1751 2468 Atque
1769 2416 1840 2455 hoc
1863 2417 1971 2455 etiam

192 2485 230 2521 in
266 2484 346 2537 ipso
380 2484 538 2521 carmine
574 2480 749 2520 saeculari
782 2480 1019 2519 existimando
1053 2481 1307 2533 gravissimum
1334 2493 1414 2518 esse
1445 2481 1623 2531 arbitror,
1662 2482 1761 2536 quod
1794 2490 1971 2536 quantum

191 2567 259 2591 nos
286 2551 431 2603 quidem
467 2551 724 2602 intelligimus,
759 2548 926 2587 ludorum
960 2548 1007 2586 ab
1039 2549 1212 2602 Augusto
1244 2550 1547 2589 instituendorum
1577 2553 1721 2590 occasio
1754 2553 1900 2590 minime
1926 2566 1972 2590 ex

1466 2613 1494 2651 5
