2382 3016
1235 209 1311 252 14

368 325 458 360 tium
491 323 534 359 tle
560 321 715 359 Actiaca
746 321 895 358 victoria
929 320 1112 370 cogitavit,
1155 330 1249 368 quae
1274 331 1408 355 numen
1435 318 1534 354 illius
1562 318 1798 367 promontorii
1830 319 1981 357 tutelare
2007 320 2162 357 Romam

370 391 560 427 transferri
594 389 788 434 suasisset,
825 393 1028 436 temporum
1062 386 1221 422 rationes
1255 385 1467 434 patiuntur,
1506 384 1537 420 si
1570 382 1719 433 quidem
1749 383 1915 434 Velleius
1946 385 2166 423 Paterculus

368 457 423 494 11.
454 455 507 493 81
539 455 617 506 jam
651 469 671 491 a
706 454 856 490 victoria
892 452 936 490 de
976 452 1020 490 S.
1060 451 1238 502 Pompeio
1273 450 1444 489 reducem
1482 450 1727 488 Octavianum
1766 451 1941 501 templum
1976 450 2164 502 Apollinis

369 525 580 571 circumque
604 520 765 570 porticus
793 519 1001 568 promisisse
1030 525 1173 564 narrat,
1203 517 1302 567 quod
1325 517 1372 553 ab
1395 531 1438 553 eo
1464 516 1640 566 singulari
1667 516 1915 552 munificentia
1941 524 2165 554 exstructum

368 590 436 637 sit3
474 587 630 637 denique
656 584 747 623 illud
773 598 916 635 semper
944 585 1183 635 explicatione
1220 590 1325 634 eget,
1366 596 1434 620 cur
1468 582 1622 620 aliorum
1658 582 1809 621 deorum
1845 582 1892 620 ab
1927 583 2052 621 eodem
2084 582 2166 621 Au·

369 662 476 706 gusto
502 653 693 704 magnifice
718 651 898 689 cultorum
927 652 983 689 vel
1006 652 1112 688 etiam
1137 651 1287 701 propius
1313 650 1359 687 ad
1386 651 1505 700 ipsum
1533 650 1812 700 pertinentium,
1842 656 1883 687 ut
1908 649 2064 687 Veneris
2091 649 2166 688 Ge·

371 722 531 766 nitricis,
574 720 680 770 cujus
715 718 838 755 aedem
871 731 891 754 a
921 724 1023 768 patre
1049 718 1207 755 Caesare
1238 718 1275 753 in
1305 716 1466 766 ejusdem
1499 716 1581 753 foro
1611 715 1817 753 inchoatam
1844 718 1922 766 ipse
1949 716 2165 765 perfecerat,

370 794 432 823 aut
457 787 589 823 Martis
616 786 777 831 Ultoris,
813 787 871 821 cui
899 786 975 834 ipse
1001 785 1174 834 templum
1201 785 1238 820 in
1266 784 1413 833 proprio
1442 782 1524 820 foro
1554 782 1789 828 condiderat,
1816 782 1915 819 nulla
1941 783 1978 818 in
2007 783 2167 819 carmine

370 853 545 891 saeculari
577 853 709 890 mentio
736 858 875 899 exstet,
913 851 976 888 sed
1004 852 1124 889 omnia
1153 850 1200 887 ad
1230 863 1344 887 unum
1371 848 1584 900 Apollinem
1611 848 1765 900 ejusque
1793 855 1979 887 consortes
2007 849 2166 900 dirigan-

369 927 441 965 tur,
471 932 588 969 neque
612 917 701 954 adeo
726 920 868 955 tertium
897 925 1037 955 tantum
1066 917 1234 954 ludorum
1258 916 1368 963 diem,
1398 930 1472 966 quo
1500 929 1647 952 carmen
1674 916 1766 953 illud
1791 922 1976 953 cantatum
2003 922 2071 963 est,
2098 916 2167 953 soli

370 986 423 1022 illi
452 986 610 1023 dicatum
637 985 836 1032 videamus,
866 985 930 1022 sed
958 987 1105 1024 omnino
1131 985 1289 1023 honores
1316 984 1395 1035 ejus
1423 997 1508 1020 cum
1532 984 1631 1020 Jove
1656 989 1694 1020 et
1717 984 1869 1022 Juuone
1895 984 2053 1034 itemque
2080 984 2167 1020 Dite

370 1060 470 1102 patre
498 1060 531 1089 et
554 1053 787 1102 Proserpina,
819 1054 950 1102 priscis
970 1054 1252 1091 Terentinorum
1281 1051 1523 1101 praesidibus,
1554 1064 1705 1101 prorsus
1732 1057 1992 1101 exaequentur.
2049 1051 2166 1088 Nimi-

370 1135 449 1157 rum
478 1119 534 1156 vel
555 1126 636 1156 ante
666 1119 826 1157 solemne
849 1120 1024 1167 triduum,
1048 1121 1080 1156 si
1104 1120 1291 1157 Zosimum
1318 1120 1519 1169 sequimur,
1549 1119 1587 1154 in
1614 1118 1758 1155 Palatio
1785 1131 1900 1169 aeque
1924 1130 1967 1154 ac
1987 1117 2167 1168 Capitolio

370 1187 532 1223 sedentes
558 1186 856 1235 quindecimviri,
891 1200 984 1236 quos
1010 1188 1110 1236 ipsos
1136 1186 1378 1235 Apollinaris
1408 1186 1510 1222 sacri
1542 1186 1724 1222 antistites
1749 1185 1880 1223 Livius
1904 1186 1960 1223 X.
1988 1185 2016 1222 8
2042 1186 2166 1237 appel-

368 1251 439 1299 lat,
473 1252 631 1289 lustralia
661 1252 796 1302 populo
823 1252 1112 1301 distribuebant3
1151 1249 1364 1293 ἐνστάντος
1391 1246 1432 1292 δὲ
1460 1255 1533 1292 τοῦ
1560 1249 1700 1305 χρόνου
1724 1255 1795 1299 τῆς
1818 1252 1972 1305 ἑορτῆς,
2008 1260 2048 1290 ut
2078 1254 2167 1303 ipsis

369 1320 507 1368 antiqui
534 1321 718 1369 scriptoris
742 1319 865 1356 verbis
889 1326 1035 1356 utamur
1056 1321 1110 1355 11.
1137 1319 1180 1366 ὃ,
1211 1317 1355 1360 θύουσι
1383 1319 1494 1360 θεοῖς
1515 1318 1585 1359 Διὶ
1606 1318 1677 1360 καῖ
1693 1316 1804 1372 Ἵ-Ῐρᾳ
1832 1319 1904 1360 καὶ
1930 1318 2167 1361 Ἀπόλλωνι

369 1384 437 1426 καὶ
460 1387 592 1433 Λητοῖ
611 1385 682 1427 καὶ
703 1382 929 1441 Ἀρτέμιδι,
958 1386 1029 1428 καὶ
1053 1386 1207 1440 προςὲτι
1237 1402 1287 1436 *γε
1314 1388 1484 1440 Μοιραῖς
1506 1383 1577 1428 καὶ
1603 1386 1862 1430 Εἷλειθυίαις
1882 1385 1954 1428 καὶ
1981 1385 2166 1442 Δήμητρι

369 1452 438 1492 καὶ
458 1449 558 1502 “Mn
585 1451 656 1492 καὶ
680 1451 924 1506 Περσεφόνῃ,
946 1453 1093 1503 jamque
1122 1454 1239 1502 primo
1263 1453 1432 1490 ludorum
1460 1454 1518 1490 die
1542 1455 1594 1494 εἷς
1617 1453 1662 1493 ro*
1690 1453 1956 1495 Καπιτώλιον
1981 1453 2167 1501 α’ναβοίν-

371 1535 434 1560 τες
461 1518 685 1562 κάνταῦθα
713 1520 789 1561 τοίς
818 1520 1095 1570 νενομισμένας
1122 1520 1274 1562 θυσίας
1298 1519 1630 1574 προςαγαγόντες,
1651 1520 1845 1563 ἐντεῦθεν
1867 1520 1935 1561 ἐπὶ
1959 1520 2009 1562 ’τὸ
2040 1538 2167 1563 κατε-

371 1585 630 1635 σκευασμένον
655 1586 834 1641 θέατρον
863 1587 1064 1629 ἐλθόντες
1089 1587 1164 1628 τοῖς
1191 1587 1367 1640 θεωρίας
1394 1590 1646 1629 ἐπιτελοῦσιν
1668 1585 1910 1629 Ἀπόλλωνι
1932 1588 2004 1629 καὶ
2023 1587 2166 1642 Ἀρτέ-

371 1649 464 1702 μιδι,
491 1653 650 1690 secundo
678 1661 797 1690 autem
825 1656 863 1693 in
894 1654 1075 1704 Capitolio
1102 1653 1429 1705 supplicationibus
1453 1654 1581 1701 factis,
1618 1667 1703 1691 mox
1725 1655 1831 1692 tertio
1858 1669 2003 1692 rursum
2033 1658 2076 1696 ἐν
2103 1659 2169 1710 τῷ

371 1719 482 1760 κατοὶ
510 1719 555 1760 τό
578 1719 793 1762 Παλάτιον
817 1719 1083 1763 ’Λπόλλωνος
1105 1720 1193 1775 ἱερῷ
1217 1719 1301 1774 τρὶς
1328 1721 1443 1762 ἐννέα
1470 1716 1609 1762 παῖδες
1636 1723 1842 1774 ἑπιφανεις
1868 1721 1977 1771 μετοὲ
2003 1723 2168 1776 παρθέ-

374 1804 446 1828 νων
475 1786 668 1828 τοσούτων
696 1784 835 1838 ὕμνους
863 1783 995 1829 &Aoum
1023 1792 1076 1840 τῇ
1103 1806 1149 1830 τε
1171 1786 1392 1837 Ἑλλήνων
1419 1786 1491 1829 καὶ
1511 1786 1718 1838 Ῥωμαίων
1747 1792 1861 1843 φωνῇ’
1885 1789 1957 1830 καὶ
1979 1794 2168 1836 παιοῐνας,

375 1850 417 1895 δι’
434 1849 485 1895 ὧν
509 1853 550 1895 αι’
575 1853 649 1896 ύπὸ
674 1852 889 1904 Ῥωμαίους
917 1854 1106 1907 σώζονται
1137 1854 1286 1902 πόλεις,
1311 1854 1436 1897 ἄλλα
1464 1873 1511 1897 τε
1540 1854 1653 1897 κατοὶ
1684 1855 1753 1897 τόν
1775 1854 2024 1910 ὑφηγημένον
2053 1857 2167 1910 παροὶ

374 1925 444 1961 τοῦ
481 1921 595 1963 θείου
628 1920 768 1974 τρόπον
803 1920 1051 1974 ἐπράττετο,
1092 1918 1144 1964 ὧν
1182 1922 1502 1972 ἐπιτελουμένων
1543 1918 1730 1972 διέμεινεν
1760 1921 1785 1969 οἱ
1819 1922 1930 1976 α’ρχῆ
1961 1924 2168 1974 Ῥωμαίων

376 1986 606 2035 οἰλώβητοςῑ
645 1987 777 2039 quibus
812 1989 982 2026 omnibus
1016 1989 1290 2040 comprehensis
1323 1989 1430 2026 facile
1464 1995 1637 2040 apparet,
1676 2003 1749 2027 non
1785 1991 1822 2026 in
1858 1991 2018 2027 carmine
2049 1991 2168 2028 solum

379 2061 524 2102 nostro,
553 2055 650 2106 quod
679 2056 742 2091 uni
769 2062 907 2092 tantum
935 2056 1006 2093 diei
1034 2057 1211 2108 scriptum
1239 2056 1353 2094 videri
1381 2058 1517 2108 possit,
1546 2056 1611 2093 sed
1637 2057 1675 2093 in
1700 2062 1776 2094 toto
1801 2056 2042 2094 saecularium
2069 2070 2168 2095 cere-

379 2123 579 2158 moniarum
616 2123 805 2169 instituto,
843 2123 951 2173 quale
983 2123 1029 2160 ab
1062 2124 1237 2174 Augusto
1270 2125 1316 2161 ad
1351 2125 1586 2174 posteriorem
1620 2130 1772 2161 aetatem
1807 2126 2060 2162 transmissum
2095 2131 2166 2173 est,

379 2188 468 2226 adeo
495 2188 693 2239 principem
720 2188 886 2241 Apollini
912 2191 1034 2229 locum
1062 2191 1185 2230 datum
1213 2205 1316 2239 esse,
1355 2199 1396 2229 ut
1423 2206 1445 2229 a
1472 2191 1607 2229 nullius
1635 2193 1749 2244 magis
1781 2191 1839 2230 dei
1875 2199 1967 2231 nutu
1994 2200 2029 2231 et
2056 2193 2169 2231 tutela

380 2256 519 2307 imperii
545 2256 701 2293 Romani
733 2257 831 2294 salus
860 2258 1017 2308 pendere
1044 2259 1238 2297 videretur.
1296 2259 1341 2297 ld
1374 2273 1461 2298 vero
1496 2259 1603 2298 facile
1630 2267 1780 2312 apparet
1805 2274 1916 2312 quam
1944 2261 2075 2298 mirum
2105 2274 2169 2299 ac-

383 2323 478 2359 cidat
510 2324 547 2358 in
580 2322 669 2368 deo,
704 2324 767 2372 qui
795 2338 868 2361 non
895 2325 940 2361 ab
969 2325 1025 2361 his
1055 2327 1163 2363 modo
1190 2326 1414 2364 solemnibus
1444 2334 1549 2364 antea
1582 2341 1732 2378 prorsus
1762 2327 1902 2365 alienus
1929 2328 2068 2375 fuerat,
2103 2329 2168 2366 sed

383 2390 527 2426 omnino
563 2390 700 2438 priscae
727 2390 976 2429 Romanorum
1008 2393 1171 2443 religioni
1199 2394 1290 2432 adeo
1317 2395 1463 2445 ignotus
1489 2401 1590 2442 erat,
1632 2402 1673 2432 ut
1699 2396 1737 2431 in
1766 2396 1916 2433 vetustis
1945 2396 2086 2433 Numae
2113 2397 2168 2433 in-

383 2455 624 2505 digitamentis
652 2469 698 2492 ne
724 2469 854 2493 nomen
880 2457 1025 2507 quidem
1051 2458 1127 2508 ejus
1150 2461 1331 2498 exstitisse
1353 2460 1544 2498 Arnobius
1568 2468 1719 2498 testetur
1741 2460 1826 2497 adv.
1847 2461 1985 2499 Gentes
2011 2463 2065 2499 Π.
2088 2462 2166 2511 753

386 2535 502 2571 neque
528 2521 614 2558 illud
640 2529 736 2560 certe
764 2524 862 2559 viros
894 2522 1022 2561 doctos
1052 2525 1167 2575 fugit,
1206 2526 1274 2564 hos
1301 2529 1397 2577 ipsos
1424 2528 1530 2566 ludos
1557 2529 1762 2566 saeculares
1789 2529 1837 2566 ab
1861 2529 2031 2580 Auyusto
2064 2530 2168 2566 insli-
