2382 3016
1235 212 1306 256 12

382 332 547 383 ilIajort‘s
577 344 664 369 usus
694 330 848 378 scriptor
878 326 993 363 fuisse
1020 326 1091 372 ait,
1130 337 1224 374 quae
1251 323 1308 362 Μ.
1334 324 1488 361 Fulvius
1516 336 1646 362 censor
1673 325 1870 374 locaverit,
1907 339 2063 378 eumque
2091 327 2161 365 hoc

381 401 525 438 nomine
550 398 708 448 collegae
735 395 906 445 opponit,
942 393 1005 442 qui
1031 390 1181 428 deorum
1209 390 1342 440 templa
1372 397 1536 428 ornasset
1567 397 1675 442 atque
1703 392 1862 428 auxisset
1872 406 1884 441 3
1927 394 1960 429 is
1986 394 2098 444 igitur
2127 400 2168 431 ut

379 473 413 503 et
447 467 525 515 ipse
562 465 659 501 velut
695 460 931 512 appendicem
968 457 1190 508 reliquorum
1226 470 1377 506 operum
1413 459 1597 508 integrum
1634 458 1809 509 templum
1844 458 2020 496 locaverit
2055 473 2167 510 prope

378 545 459 568 eum
483 531 625 577 locum,
655 529 719 565 ubi
747 526 907 578 ejusdem
937 525 994 561 dei
1024 524 1129 561 aedes
1158 529 1195 560 et
1222 523 1385 560 exstabat
1410 530 1445 560 et
1472 538 1493 560 a
1519 524 1660 575 collega
1685 525 1793 562 modo
1820 526 2011 576 insigniter
2037 526 2167 576 ampli-

377 598 481 634 ficata
507 596 607 633 erat?
643 601 704 631 aut
729 594 806 644 ipse
829 592 959 630 Livius
988 590 1046 628 vel
1072 603 1180 640 quem
1213 591 1244 626 is
1271 596 1398 627 auctor
1425 596 1573 627 secutus
1601 597 1679 638 est,
1710 590 1820 642 hujus
1846 591 1971 641 templi
1999 592 2166 643 majesta-

377 671 448 702 tem
480 663 569 701 adeo
597 662 699 714 parvi
724 659 914 707 habuerit,
950 663 990 694 ut
1022 656 1059 693 id
1095 669 1178 693 cum
1209 655 1389 706 tabernis,
1426 656 1540 705 foris,
1579 656 1800 708 porticibus,
1837 657 1992 708 aliisque
2019 659 2165 708 profani

378 745 465 767 usus
493 730 667 768 aedificiis
694 729 909 779 permixtum
941 725 987 761 ad
1022 724 1212 760 utilitatem
1247 725 1366 773 potius
1394 737 1504 774 quam
1539 724 1586 761 ad
1613 724 1825 775 religionem
1852 725 2038 775 publicam
2066 732 2163 764 retu-

375 798 478 835 lerit?
533 796 668 835 Credat
694 793 860 832 Judaeus
886 790 1042 842 Apella,
1076 804 1147 828 non
1170 803 1239 842 ego
1249 804 1260 839 5
1298 791 1361 841 qui
1388 803 1462 841 quo
1489 792 1634 841 saepius
1658 790 1758 827 Livii
1790 791 1900 829 verba
1926 793 2091 841 intueor,
2120 806 2164 830 eo

376 865 508 902 certius
535 863 633 914 apud
659 876 715 900 me
748 867 892 907 statuo,
926 858 1041 896 aliena
1068 858 1113 895 ab
1142 858 1213 896 hoc
1241 858 1323 895 loeo
1357 871 1437 894 esse
1470 857 1582 895 verba
1610 859 1740 895 aedem
1770 857 1968 909 Apollinis
1998 859 2161 906 Medici,

374 938 409 968 et
436 944 477 967 ca
504 931 670 980 quidem,
706 941 798 978 quae
823 926 1057 973 antecedant,
1086 932 1171 975 post
1198 925 1294 974 Spei
1318 925 1370 960 ml
1402 924 1591 972 Tiberim,
1622 924 1669 961 ad
1693 927 1874 974 porticum
1902 928 2023 976 potius
2052 928 2161 977 perti-

374 1010 474 1043 nere,
512 1010 618 1046 quam
646 994 799 1032 Fulvius
822 999 861 1031 ut
889 999 970 1044 post
995 992 1136 1029 navalia
1163 997 1198 1029 et
1225 990 1273 1027 ad
1299 990 1422 1027 fanum
1450 991 1639 1040 Herculis,
1668 992 1718 1028 ita
1745 992 1782 1028 in
1808 1005 1850 1029 ea
1876 1006 2023 1044 quoque
2048 993 2162 1031 Tibe-

374 1064 425 1099 ris
453 1064 551 1113 ripa,
591 1076 682 1112 quae
708 1068 793 1113 post
826 1061 946 1099 forum
978 1060 1160 1097 olitorium
1195 1064 1294 1106 erat,
1335 1060 1601 1109 construxerit;
1643 1065 1764 1097 nostra
1801 1066 1919 1097 autem
1955 1061 2162 1112 glossemati

374 1128 509 1177 deberi,
540 1129 636 1179 quod
662 1143 775 1180 quum
798 1129 900 1165 initio
926 1127 973 1164 ad
998 1126 1251 1177 explicandam
1277 1125 1421 1176 ellipsin
1447 1127 1486 1162 in
1513 1126 1633 1164 verbis
1658 1127 1698 1178 ἓ.
1723 1126 1773 1164 5:
1806 1127 1990 1164 theatrum
2015 1134 2051 1165 el
2071 1141 2161 1178 pro·

371 1198 531 1233 sccm'um
554 1198 603 1232 acl
618 1195 811 1246 Apollinis
828 1195 1053 1245 adscriptum
1077 1194 1220 1240 fuisset,
1251 1207 1336 1230 mox
1361 1193 1522 1242 solemni,
1533 1193 1764 1232 librariorum
1787 1207 1908 1232 errore
1935 1194 2053 1232 alieno
2079 1195 2162 1233 loco

369 1264 588 1301 inculcatum
617 1265 678 1300 sit.
741 1263 930 1301 Medicum
961 1268 1058 1300 certe
1085 1260 1299 1312 Apollinem
1332 1275 1414 1298 cum
1450 1275 1620 1313 quoque,
1657 1263 1721 1313 qui
1755 1263 1793 1299 in
1825 1275 1953 1313 campo
1980 1262 2161 1300 Flaminio

369 1337 466 1378 erat,
507 1345 527 1367 a
556 1331 760 1382 posterioris
792 1332 871 1368 aevi
904 1330 1144 1381 grammatico
1177 1330 1427 1380 cognominari
1461 1331 1647 1380 potuisse,
1685 1335 1725 1366 ut
1759 1343 1780 1365 a
1812 1328 1983 1367 Palatino
2020 1329 2162 1367 scilicet

368 1397 667 1448 distingueretur,
713 1411 759 1435 ex
795 1399 884 1448 ipsis
921 1409 1015 1447 quae
1053 1395 1161 1433 modo
1197 1396 1463 1445 disputavimus
1501 1402 1651 1446 apparet
1663 1411 1675 1444 3
1716 1395 1851 1446 quibus
1889 1398 1921 1433 si
1959 1397 2157 1445 addideris,

367 1464 463 1514 quod
490 1477 534 1500 cx
561 1465 674 1513 ipsius
701 1463 856 1501 Asconii
884 1463 1025 1500 scholio
1053 1462 1198 1512 prodit,
1241 1462 1388 1499 condito
1415 1464 1453 1499 in
1482 1463 1627 1501 Palatio
1654 1463 1789 1513 templo
1822 1464 1999 1513 imprimis
2027 1477 2159 1501 caven-

367 1530 451 1566 dum
480 1531 590 1567 fuisse
621 1531 888 1581 grammaticis,
927 1543 973 1566 nc
1000 1530 1031 1566 si
1057 1529 1211 1566 lectores
1240 1529 1338 1580 apud
1365 1531 1553 1581 antiquum
1582 1531 1795 1581 scriptorem
1822 1529 2008 1580 Apollinis
2035 1530 2159 1568 aedem

366 1596 574 1646 simpliciter
601 1597 791 1634 memorari
818 1595 1012 1644 vidissent,
1043 1596 1163 1633 statim
1194 1595 1240 1633 de
1267 1596 1438 1634 Palatina
1466 1598 1688 1649 cogitarent,
1718 1610 1787 1634 nec
1813 1597 2016 1649 glossema,
2053 1597 2160 1649 quale

366 1663 639 1712 deprehendisse
667 1664 754 1700 mihi
783 1663 921 1709 videor,
949 1663 995 1699 ab
1024 1663 1095 1699 hoc
1123 1664 1205 1700 loco
1232 1664 1388 1700 alienum
1417 1664 1532 1701 fuisse
1560 1664 1753 1712 concedes,
1783 1678 1899 1715 eoque
1922 1665 2022 1702 sacto
2037 1663 2158 1702 Asco-

367 1730 416 1765 nii
449 1730 704 1778 eruditionem,
744 1743 816 1780 qua
847 1743 960 1766 unum
991 1736 1130 1766 tantum
1165 1729 1353 1780 Apollinis
1387 1730 1579 1768 delubrum
1607 1730 1797 1769 Ciceronis
1829 1735 1946 1768 aetate
1980 1731 2159 1768 exstitisse

367 1796 510 1844 docuit,
548 1810 592 1833 ex
620 1796 807 1844 omnibus,
848 1796 982 1846 quibus
1018 1796 1230 1846 petebatur,
1271 1797 1535 1847 objectionibus
1569 1799 1707 1835 salvam
1742 1800 1986 1848 sospitemque
2012 1797 2158 1847 prodire

367 1863 516 1900 videbis.

482 1928 544 1966 Ab
574 1929 629 1967 his
662 1936 779 1968 autem
812 1929 1010 1968 doctissimi
1039 1930 1197 1968 auctoris
1229 1929 1397 1968 vindiciis
1429 1932 1535 1969 etiam
1565 1932 1681 1984 magis
1708 1931 1911 1969 confirmati
1942 1931 1990 1968 ad
2020 1932 2157 1982 princi-

365 2007 444 2044 pem
472 2000 712 2045 quaestionem
741 2000 969 2045 revertimur,
1000 1999 1183 2048 quomodo
1207 1998 1360 2047 Apollo,
1392 2000 1496 2048 cujus
1524 2001 1677 2049 exiguus
1704 2006 1845 2036 tantum
1870 1999 1918 2035 ad
1944 1997 2156 2049 Augustum

365 2076 479 2112 usque
507 2062 621 2101 honor
648 2066 787 2103 Romae
815 2065 963 2113 fuisset,
1005 2080 1076 2104 non
1108 2065 1217 2105 modo
1246 2065 1366 2105 locum
1396 2068 1490 2106 iuter
1521 2065 1607 2105 deos
1632 2064 1734 2104 urbis
1761 2064 1933 2105 tutelares
1961 2066 2153 2114 invenerit,

366 2140 489 2164 verum
519 2131 622 2166 etiam
651 2144 735 2181 prae
762 2132 911 2180 reliquis
938 2132 1106 2169 omnibus
1135 2146 1218 2169 cum
1253 2134 1330 2170 sola
1358 2135 1435 2170 fere
1461 2147 1586 2171 sorore
1613 2134 1735 2169 Diana
1765 2134 1803 2168 in
1838 2135 1998 2169 carmine
2028 2145 2155 2169 saecu-

365 2196 430 2231 lari
454 2198 653 2234 invocetur.
721 2199 821 2244 Quid
849 2200 947 2248 quod
974 2199 1063 2236 haec
1093 2214 1239 2249 quoque
1265 2201 1335 2237 soli
1361 2202 1466 2238 fratri
1492 2216 1560 2239 suo
1586 2201 1709 2239 locum
1736 2202 1775 2237 in
1802 2200 1874 2238 hoc
1906 2200 2065 2243 carmine
2092 2199 2154 2237 de-

365 2260 449 2298 bere
481 2262 621 2300 videtur
631 2279 643 2313 3
686 2278 779 2314 quae
812 2266 877 2303 etsi
913 2273 1015 2303 vetus
1051 2280 1184 2303 numen
1209 2267 1378 2305 Italicum
1407 2267 1477 2305 fuit
1504 2268 1698 2318 multisque
1726 2273 1816 2304 teste
1841 2265 2046 2303 Plutarcho
2074 2266 2150 2314 Qu.

366 2328 474 2363 Rom.
507 2342 540 2364 c.
568 2328 595 2364 5
632 2331 667 2365 in
704 2330 794 2366 urbe
826 2331 985 2369 delubris
1017 2333 1223 2381 colebatur,
1261 2348 1416 2383 quorum
1445 2336 1715 2372 sanctissimum
1742 2336 1780 2370 in
1816 2340 1936 2369 moute
1967 2332 2154 2370 Aventino

358 2391 436 2444 jam
463 2395 576 2434 multo
604 2403 686 2434 ante
714 2411 822 2447 quam
851 2396 1034 2449 Apollinis
1061 2400 1181 2438 cultus
1209 2402 1302 2438 inter
1329 2400 1523 2453 religiones
1557 2400 1681 2453 populi
1708 2400 1868 2439 Romani
1895 2398 2149 2450 recipiebatur,

367 2474 386 2496 a
416 2462 545 2500 Servio
568 2465 693 2501 Tullio
721 2467 873 2514 accepit,
903 2471 1023 2503 tamen
1047 2474 1083 2503 et
1107 2467 1177 2505 hoc
1204 2474 1240 2505 et
1266 2470 1363 2518 quod
1388 2483 1422 2506 a»
1452 2485 1489 2506 u.
1521 2469 1736 2506 DLXxlv
1761 2467 1807 2504 ab
1834 2467 1977 2516 Lepido
2004 2481 2152 2504 censore

368 2529 403 2564 in
433 2529 531 2566 circo
557 2530 735 2570 Flaminio
764 2531 965 2570 dedicatum
994 2541 1049 2571 est
1076 2534 1178 2585 (Liv.
1210 2536 1301 2573 XL.
1330 2534 1428 2589 52),
1467 2543 1567 2575 extra
1595 2536 1817 2587 pomoerium
1847 2533 1994 2583 habuit,
2035 2549 2151 2586 neque
