2382 3016
153 355 326 400 portenta
347 350 481 401 fierent
507 357 542 387 et
568 364 693 387 murus
717 364 762 387 ac
788 352 921 396 lum-is,
955 363 1050 402 quae
1076 358 1161 389 sunt
1191 353 1289 389 intra
1313 358 1463 401 portam
1498 352 1689 389 Collinam
1717 359 1752 389 et
1774 353 1943 403 Esquili-

155 429 263 463 nam,
294 417 340 453 de
367 416 470 454 coelo
497 423 615 455 essent
639 423 760 464 tacta,
795 422 831 453 el
859 417 942 454 ideo
970 417 1087 455 libros
1110 417 1319 469 Sibyllinos
1348 420 1550 455 decemviri
1575 419 1773 466 adiissent,
1809 432 1943 455 renun-

157 484 303 521 ciat-ant
327 484 387 520 ati
414 483 502 520 Dia·
523 483 638 521 Patri
663 489 699 521 et
731 482 983 534 Pmserpinae
1009 483 1093 521 ludi
1127 484 1322 522 Terentini
1349 486 1388 522 in
1418 498 1548 536 eampo
1580 485 1723 523 Martis
1747 486 1883 538 fierent
1909 492 1946 523 et

156 550 299 586 hostiae
332 551 465 601 furvae
500 551 799 598 immolarentur,
840 552 966 602 utique
1001 552 1085 588 ludi
1115 553 1309 589 centesimo
1343 566 1488 603 qaoque
1519 566 1616 588 anno
1650 554 1807 604 fierent,
1846 553 1944 590 unde

155 615 294 667 liquido
319 622 490 666 apparet,
532 630 649 667 neque
676 616 868 669 Sibyllinis
899 616 1002 655 libris
1035 623 1118 655 ante
1149 618 1353 656 Varronem
1390 631 1509 669 neque
1543 619 1612 668 ipsi
1641 619 1800 658 Varroni
1836 619 1943 670 quid-

156 697 265 734 quam
293 683 337 720 de
363 683 445 721 loco
476 683 661 733 Apollinis
687 685 726 721 in
752 684 848 722 ludis
874 684 1122 722 saecularibus
1151 691 1275 722 notum
1302 685 1430 722 fuisse.
1487 685 1653 723 Fuerunt
1683 700 1770 724 sane
1800 688 1944 724 Romae

155 749 390 802 Apollinares
418 763 563 801 quoque
587 750 686 798 ludi,
723 750 787 788 sed
815 764 897 788 sero
922 751 1077 788 instituti
1104 751 1156 799 Q.
1186 751 1319 788 Fulvio
1341 750 1420 802 Ap.
1449 751 1607 789 Claudio
1638 752 1744 790 Coss.
1773 766 1807 789 a.
1839 767 1875 789 u.
1906 766 1940 789 c.

156 818 292 855 DXLI
313 819 411 868 iique
437 818 562 865 annui,
592 818 643 854 cf.
670 818 755 854 Liv.
786 818 920 856 XXV.
951 816 1020 865 12,
1050 819 1225 856 XXVII.
1252 818 1336 867 253
1376 832 1494 868 neque
1522 819 1599 856 ullo
1623 819 1861 857 fundamento
1888 821 1944 856 ni·

156 885 245 921 titur
270 884 434 921 Jesuitae
463 885 584 921 nescio
611 884 716 935 cujus
741 886 899 934 suspicio
926 898 947 921 a
975 884 1122 922 Taffino
1149 884 1194 921 de
1221 898 1317 921 anno
1343 884 1522 921 saeculari
1545 884 1580 921 1.
1607 884 1637 921 5
1664 891 1945 923 commemorata

156 951 358 1001 iterumque
391 951 576 1001 proposita
610 950 656 987 ab
689 950 906 1002 Ayrmanno
947 950 992 988 de
1032 950 1128 987 ludis
1167 951 1416 988 Romanorum
1460 950 1732 999 saecularibus,
1778 951 1941 990 Vitemb.

158 1016 281 1064 1717,
312 1017 408 1053 alios
439 1019 486 1053 ab
517 1018 623 1055 initio
650 1018 766 1069 fuisse
786 1017 894 1053 ludos
921 1017 1154 1063 Terentinos,
1185 1017 1282 1053 alios
1309 1017 1533 1064 saeculares,
1559 1019 1629 1055 sed
1653 1020 1842 1056 communi
1863 1025 1945 1056 tan-

158 1086 241 1122 dem
273 1085 420 1121 nomine
456 1085 680 1134 permixtos,
726 1090 768 1121 ut
812 1083 850 1121 T
847 1084 1006 1121 erentini
1038 1084 1186 1135 quidem
1224 1084 1313 1120 Diti
1350 1089 1385 1120 el
1417 1083 1690 1133 Proserpinae,
1734 1085 1947 1123 saeculares

158 1151 312 1188 Phoebo
341 1157 378 1188 et
400 1150 552 1188 Dianae
581 1151 812 1201 potissimum
843 1151 945 1187 sacri
965 1151 1127 1202 fuerint,
1172 1149 1432 1201 Terentinique
1458 1150 1610 1187 nonnisi
1630 1157 1739 1189 nocte
1767 1157 1805 1189 et
1824 1152 1947 1204 furvis

158 1218 289 1255 hostiis
322 1223 608 1269 peraqerentur,
651 1216 861 1254 saeculares
894 1216 1059 1253 laetitiae
1092 1222 1128 1253 et
1157 1216 1332 1266 publicae
1362 1215 1627 1266 qratulatiom‘s
1658 1224 1800 1264 essent,
1838 1217 1946 1268 cujus

159 1284 378 1334 duplicitatis
417 1285 447 1320 si
483 1283 541 1320 vel
577 1284 763 1320 minimum
799 1283 990 1333 vestigium
1022 1283 1061 1319 in
1095 1283 1208 1319 literis
1233 1283 1410 1319 Romanis
1437 1283 1653 1331 exstitisset,
1699 1283 1946 1322 Censorinum

162 1351 474 1402 diligentissimum
502 1355 686 1387 auctorem
713 1348 877 1400 profecto
903 1362 977 1387 uon
1006 1349 1184 1399 fugisset,
1222 1348 1274 1385 cf.
1302 1348 1435 1385 Ideler.
1465 1349 1681 1387 Handbncb
1707 1349 1746 1386 d.
1775 1349 1944 1388 Chrono-

159 1418 254 1467 logie
288 1417 338 1453 Τ.
366 1417 421 1462 11,
457 1430 495 1466 p.
520 1415 592 1452 89.
648 1417 744 1453 Nam
769 1416 867 1466 quod
894 1417 926 1452 is
954 1415 1135 1466 duplicem
1163 1415 1373 1465 opinionum
1403 1416 1532 1452 seriem
1563 1415 1609 1453 de
1635 1417 1795 1467 antiquis
1817 1430 1945 1454 saecu·

159 1483 290 1520 larium
313 1481 536 1532 temporibus
560 1483 762 1532 proposuit,
792 1481 941 1519 alteram
966 1495 1011 1519 ex
1036 1493 1157 1518 rerum
1185 1480 1437 1531 scriptoribus,
1468 1481 1617 1518 alteram
1644 1495 1690 1519 ex
1717 1482 1956 1532 quindecim--

162 1552 321 1586 virorum
353 1551 620 1586 commentariis
651 1550 820 1598 petitam,
858 1554 956 1585 recte
976 1547 1053 1598 jam
1080 1549 1157 1597 ipse
1183 1547 1352 1584 Taffinus
1379 1547 1433 1583 II.
1464 1546 1491 1583 2
1519 1561 1603 1585 cnm
1625 1548 1782 1586 Petavio
1806 1549 1941 1586 Doctr-

160 1623 296 1665 tempp.
327 1615 381 1651 11.
415 1613 470 1651 76
497 1615 693 1662 intellexit,
723 1615 982 1665 posteriorem,
1006 1626 1100 1664 quae
1125 1626 1190 1663 per
1217 1619 1313 1650 certa
1340 1626 1516 1651 annorum
1544 1613 1735 1651 intervalla
1761 1614 1942 1664 procedit,

161 1695 223 1718 eos
250 1681 460 1717 sacerdotes
488 1694 562 1717 non
593 1694 640 1717 ex
668 1681 849 1717 veteribus
876 1680 986 1731 fastis
1012 1680 1209 1726 didicisse,
1247 1680 1314 1715 sed
1337 1680 1404 1715 sub
1433 1678 1604 1730 Augusto
1634 1681 1781 1717 demum
1810 1694 1858 1718 ex
1888 1682 1945 1717 in-

160 1748 268 1798 qenio
303 1753 339 1784 et
366 1747 540 1796 opinione
569 1761 637 1784 saa
671 1748 725 1784 ita
757 1746 1006 1792 constituisse,
1045 1751 1087 1783 ut
1116 1758 1187 1795 per·
1217 1750 1387 1782 centenos
1419 1746 1533 1782 denos
1563 1758 1683 1783 annos
1711 1747 1880 1784 redirent
1910 1753 1946 1784 et

160 1814 326 1866 Aaqusti
355 1813 608 1850 saecularibus
643 1818 883 1865 conquam-ent
893 1827 906 1861 ,-
950 1811 1024 1849 duo
1061 1810 1228 1849 ludorum
1264 1824 1396 1862 genera
1434 1811 1572 1859 fuisse,
1617 1824 1776 1862 qnorum
1812 1813 1946 1851 alteros

162 1881 454 1933 quindecimviri,
482 1880 614 1917 alteros
640 1879 811 1917 Valerius
838 1879 973 1917 Antias
997 1879 1109 1916 literis
1136 1877 1380 1924 mandaverit,
1410 1892 1484 1929 quo
1510 1880 1617 1916 etiam
1644 1879 1835 1917 Rlausenii
1861 1894 1944 1918 sen-

162 1950 273 1987 tentia
300 1949 417 1999 vergit
446 1946 593 1985 Aeneas
623 1946 699 1984 und
733 1947 790 1985 die
817 1947 982 1984 Penaten
1016 1960 1055 1996 p.
1081 1944 1190 1993 264,
1233 1958 1276 1982 eo
1303 1946 1423 1985 minus
1451 1945 1640 1997 probabile
1665 1953 1742 1994 est,
1783 1947 1884 1998 quod
1910 1954 1948 1985 et

162 2017 352 2053 Terentini
379 2014 478 2060 ludi,
517 2020 557 2051 ut
585 2014 764 2060 vidimus,
801 2013 847 2051 ad
875 2013 1242 2064 quindecimvirorum
1276 2012 1388 2050 libros
1421 2011 1670 2063 pertinebant,
1707 2012 1946 2064 Apollinares

164 2089 283 2121 autem
307 2081 406 2130 ludi,
443 2082 507 2132 qui
533 2094 615 2118 cum
645 2080 702 2118 his
729 2079 904 2119 confundi
926 2080 1152 2130 potuissent,
1181 2078 1361 2129 prioribus
1390 2079 1544 2118 saeculis
1571 2080 1720 2117 omniuo
1748 2079 1841 2118 nulli
1867 2080 1946 2118 sue·

162 2157 262 2187 runt.
319 2147 551 2186 Probabilior
577 2153 630 2184 est
655 2147 860 2185 Sanadonis
890 2147 1050 2196 suspicio
1076 2145 1122 2181 ad
1145 2145 1278 2182 Horat.
1304 2145 1355 2182 T.
1377 2146 1453 2192 111,
1483 2159 1521 2195 p.
1543 2139 1629 2182 140
1655 2146 1744 2183 edit.
1765 2145 1945 2193 Amstel.,

163 2219 253 2268 ipsis
290 2217 394 2253 annis
425 2213 670 2253 saecularibus
703 2227 818 2252 annos
852 2213 959 2251 ludos
986 2211 1221 2263 Apollinares
1254 2225 1336 2249 cum
1365 2212 1575 2250 Terentinis
1609 2213 1714 2262 quasi
1742 2212 1943 2252 coaluisse:

167 2297 216 2321 on
243 2284 296 2322 les
321 2281 496 2321 ce'le'broit
525 2287 607 2319 tous
632 2281 684 2319 les
710 2294 800 2328 ans,
830 2281 924 2318 mais
947 2279 994 2315 ils
1009 2279 1192 2316 ‘n’e'toient
1214 2280 1323 2330 point
1352 2278 1554 2331 distinques
1582 2279 1647 2315 des
1666 2280 1765 2331 jeus
1787 2279 1958 2317 secutas.

164 2365 223 2390 res
259 2350 426 2398 l’an'ne'e,
466 2350 576 2401 qa’on
613 2348 852 2400 repre'sentoit
888 2347 1051 2385 ceux-ci
1059 2362 1072 2395 ,-
1116 2353 1214 2385 certe
1249 2341 1463 2386 saeculares
1487 2360 1633 2398 quoque
1667 2345 1776 2384 ludos
1810 2346 1949 2385 aestivo

164 2424 326 2468 tempore
349 2417 445 2454 circa
472 2428 625 2454 messem
651 2415 767 2453 factos
795 2427 886 2461 esse,
915 2427 989 2464 quo
1015 2415 1121 2452 etiam
1144 2414 1379 2466 Apollinares
1406 2428 1441 2450 a.
1471 2413 1510 2450 d.
1539 2414 1602 2450 111
1624 2414 1750 2450 Nonas
1776 2413 1949 2460 Quincti-

166 2484 220 2521 les
255 2483 475 2534 agebantur,
516 2489 553 2519 et
579 2483 716 2520 Zosimi
742 2481 852 2519 verba
879 2481 1009 2519 docent
1035 2481 1090 2519 ll.
1121 2481 1171 2518 5:
1215 2482 1327 2523 uara*
1362 2481 1436 2528 τῆν
1471 2477 1574 2534 ὥραν
1601 2483 1672 2522 τοῦ
1699 2479 1844 2534 θέρους
1875 2481 1950 2534 πρὸ

169 2548 318 2600 ὀλίγων
338 2548 487 2604 ἡμερῶν
503 2545 529 2599 ἢ
544 2549 617 2599 τήν
636 2548 811 2603 θεωρίαν
830 2546 1031 2598 ἀχθῆναι,
1051 2554 1087 2586 et
1106 2547 1298 2586 Claudiani
1320 2549 1365 2586 de
1386 2548 1458 2586 vl.
1476 2546 1591 2585 cons.
1611 2547 1759 2585 Honor.
1780 2562 1817 2584 v.
1838 2546 1945 2586 588:

1443 2613 1464 2650 1
1478 2615 1490 2627 .
