2382 3016
1080 232 1154 279 19

222 348 404 398 Biittiger.
434 347 487 385 kl.
512 347 625 385 Scbr.
655 349 705 386 Τ.
724 349 759 396 1,
789 363 828 400 p.
847 348 920 398 58,
948 349 1128 389 Missirini
1153 350 1192 388 in
1219 350 1320 388 Diss.
1349 349 1435 389 dell’
1450 348 1576 390 Acad.
1606 351 1775 390 Romana
1801 349 2010 391 d’Archeo-

221 413 321 466 logia
347 414 400 451 Τ.
423 414 478 464 11,
508 427 547 465 p.
573 413 661 451 207
684 428 787 466 sqq.,
815 416 926 467 inque
953 418 1079 468 primis
1104 418 1330 456 Rlausenius
1356 418 1384 455 1.
1412 431 1448 456 c.
1478 432 1517 469 p.
1543 416 1655 456 1102
1679 431 1781 469 sqq„
1813 420 1883 456 nisi
1909 419 2011 470 quod

220 481 330 531 hujus
361 483 478 529 ratio,
516 495 588 532 qua
614 480 825 533 Apollinem
852 483 985 534 Vejovi
1015 485 1251 523 assimilatum
1279 485 1404 523 Juliae
1428 486 1529 536 genti
1555 500 1577 523 a
1612 485 1794 536 principio
1820 486 2009 537 proprium

221 548 338 587 fuisse
364 549 509 597 statuit,
546 549 703 599 priorem
732 563 914 599 errorem,
950 564 1024 602 quo
1059 552 1228 590 carminis
1262 551 1459 591 saecularis
1485 551 1593 591 deum
1620 565 1666 590 ex
1691 553 1842 605 antiqno
1865 551 2010 592 medico

220 614 386 665 repetiit,
414 627 510 654 nova
534 615 749 656 confusione
775 617 957 667 cumulat,
985 616 1254 670 Augustoque,
1292 631 1401 670 quem
1424 620 1504 670 ipsc
1526 619 1565 655 in
1590 620 1737 671 egregia
1763 619 2009 671 disputatione

222 679 315 720 iiber
342 681 411 720 'die
446 680 604 721 sittlicbe
637 682 714 721 und
746 683 937 734 politiscbe
971 684 1238 737 Beurtheilnng
1277 685 1340 724 des
1377 683 1571 737 Augustus
1605 686 1643 722 in
1675 685 1858 723 Zeitsebr.
1897 686 1926 723 f.
1964 686 2004 724 d.

220 746 386 785 Altertb.
416 746 544 796 1854,
581 762 620 800 p.
652 748 733 787 721
772 756 809 787 et
845 751 991 801 ingenio
1029 757 1067 787 et
1102 752 1302 789 eruditione
1339 758 1454 789 totum
1491 751 1676 788 Graecum
1717 751 1831 788 fuisse
1867 752 2005 802 arguit,

219 816 331 866 prisci
368 814 586 866 barbarique
624 817 782 855 numinis
820 824 1027 868 respectum
1065 819 1249 870 suggerit,
1291 817 1388 857 unde
1425 817 1605 856 neminem
1645 817 1852 857 alieniorem
1889 818 2007 857 fuisse

219 887 373 925 constat.
430 881 627 919 Praeclare
662 883 756 920 enim
792 882 838 921 de
869 882 1045 934 Apolline
1083 884 1253 922 Palatino
1286 886 1395 922 etiam
1430 883 1632 923 Merkelius
1668 882 1716 920 ad
1750 884 1863 921 ovid.
1896 885 2002 922 Fast.

217 963 257 1001 p.
287 963 449 988 ccxxxv:
494 949 603 1001 lmjus
631 951 812 1002 imprimis
842 948 984 1004 insigne
1012 952 1089 1004 suit
1119 951 1306 990 literatum
1340 952 1519 1003 officium:
1565 950 1791 990 biblt'otlteca
1820 949 2004 990 Palatina

218 1022 255 1056 et
282 1017 484 1056 certamina
515 1017 654 1055 musica
688 1024 1020 1057 commemorantur
1049 1032 1073 1056 a
1099 1018 1225 1057 Dione
1258 1018 1388 1057 Cassio
1400 1033 1414 1068 3
1450 1019 1518 1056 scd
1551 1024 1835 1056 comenaaneum
1871 1024 1925 1055 est
1954 1019 2003 1055 ab

215 1085 285 1121 laoc
316 1085 409 1131 deo,
445 1089 571 1133 utpote
602 1097 626 1119 a
657 1084 814 1120 Graecis
838 1086 928 1134 ipsis
960 1092 1168 1134 assumpto,
1209 1087 1309 1121 nilnil
1334 1086 1503 1122 Graecae
1533 1085 1809 1134 superstitionis
1838 1084 2005 1122 alienum

211 1150 352 1202 fuisse3
388 1149 536 1187 habitus
571 1154 624 1187 est
652 1155 847 1200 praeterea
874 1163 946 1202 pro
976 1151 1085 1202 qenio
1120 1151 1230 1203 quasi
1259 1152 1409 1202 imperii
1441 1157 1477 1189 et
1511 1152 1596 1189 aevi
1624 1150 1874 1203 AnqustalisJ
1902 1149 2004 1202 quod

214 1217 246 1253 si
278 1215 401 1266 aliquo
428 1216 579 1266 vestigio
606 1228 842 1267 cogeremur,
876 1223 917 1254 ut
947 1231 1081 1254 novum
1106 1217 1215 1268 hujus
1242 1217 1300 1255 dei
1331 1218 1469 1255 cultum
1496 1231 1541 1255 ex
1568 1218 1708 1267 privata
1735 1218 1857 1266 potius
1887 1216 2002 1255 octa-

216 1282 314 1319 viani
331 1283 597 1333 'superstitione
623 1295 733 1332 quam
766 1295 812 1319 ex
838 1282 987 1333 publico
1022 1282 1174 1320 consilio
1204 1290 1469 1333 repeteremus,
1503 1282 1618 1320 multo
1650 1282 1876 1332 probabilior
1906 1283 2002 1321 roret

212 1349 365 1387 Miilleri
391 1349 551 1399 suspicio
577 1349 615 1386 in
643 1350 778 1387 eriseos
819 1348 1084 1401 mytholog-icae
1121 1350 1319 1400 specimine
1354 1350 1392 1386 in
1427 1348 1605 1387 Classical
1629 1348 1791 1387 Journal
1817 1362 1853 1386 a.
1885 1346 2000 1387 1822

214 1416 264 1453 Τ.
285 1414 442 1462 XXVI,
471 1428 511 1466 p.
530 1412 629 1463 518,
662 1428 735 1466 qua
756 1415 871 1466 ipsam
895 1414 994 1452 illam
1017 1415 1129 1466 prisci
1155 1414 1341 1466 Apollinis
1367 1414 1627 1453 dedicationem
1647 1428 1684 1453 a.
1710 1428 1750 1451 u.
1771 1413 2000 1453 cccxxu

215 1496 236 1520 a
260 1481 308 1520 C.
332 1481 438 1519 «Iulio
457 1481 632 1521 Mentoue
660 1481 808 1531 consule
830 1482 965 1519 factam
992 1494 1138 1519 causam
1164 1482 1344 1519 exstitisse
1367 1481 1535 1532 conjecit,
1563 1487 1606 1519 ut
1629 1481 1734 1519 Julia
1754 1493 1846 1532 gens
1869 1494 1996 1529 saera,

215 1548 355 1601 quibus,
384 1546 534 1598 publice
569 1548 802 1585 instituendis
836 1561 986 1599 operam
1023 1553 1215 1601 navasset,
1257 1561 1399 1598 semper
1437 1549 1476 1584 in
1510 1548 1668 1598 privatis
1705 1548 1784 1585 sm’s
1827 1547 1994 1586 haberet.

215 1615 354 1653 Verum
382 1614 478 1650 enim
505 1626 592 1650 vero
614 1613 700 1650 huic
723 1614 884 1663 opinioni
906 1627 974 1651 nec
1000 1616 1079 1663 ipse
1101 1620 1228 1650 auctor
1253 1614 1406 1650 multum
1433 1613 1590 1651 tribuere
1616 1627 1727 1651 ausus
1749 1621 1825 1660 est,
1859 1628 1993 1664 neque,

211 1682 365 1732 opinor,
406 1680 438 1717 is
473 1685 549 1717 erat
581 1678 828 1728 Octavianus,
867 1679 971 1730 cujus
1006 1679 1161 1718 sublime
1194 1692 1239 1717 ac
1273 1686 1432 1718 erectum
1465 1680 1652 1731 ingenium
1688 1680 1840 1718 vetustis
1874 1681 1996 1731 potius

213 1747 338 1785 «Iuliae
364 1746 484 1798 gentis
506 1744 742 1797 religionibus
766 1758 878 1797 quam
905 1759 1019 1783 novae
1045 1745 1297 1784 dominationis
1322 1745 1503 1783 illecebris
1529 1751 1732 1797 regeretur,
1759 1746 1825 1783 sed
1849 1759 1995 1783 omnem

210 1814 335 1852 orbem
359 1813 567 1850 Romanum
594 1813 715 1850 animo
741 1824 786 1848 ac
811 1825 876 1863 spe
902 1810 1251 1862 comprehendebat,
1280 1825 1398 1862 neque
1424 1813 1503 1862 ipsa
1529 1826 1571 1850 re
1600 1811 1749 1862 publica
1772 1812 1931 1863 regenda
1954 1813 1994 1851 id

214 1880 446 1932 sequebatur,
475 1878 574 1930 quod
595 1877 716 1926 Sulla,
744 1883 785 1917 ut
810 1879 1021 1930 praeteritae
1047 1879 1173 1917 aetatis
1200 1884 1333 1917 statum
1361 1878 1563 1927 reduceret,
1592 1877 1658 1916 sed
1684 1879 1865 1918 civitatem
1893 1879 1994 1919 velut

212 1947 269 1985 sui
293 1947 408 1997 ipsius
438 1946 665 1996 superstitem
691 1951 821 1992 nactus
850 1945 994 1983 futurae
1022 1945 1283 1997 regenerationi
1313 1958 1392 1982 eam
1423 1945 1519 1981 viam
1545 1944 1754 1993 muniebat,
1783 1946 1890 1997 cujus
1918 1949 1992 1997 pri-

210 2013 349 2052 mordia
376 2026 448 2050 non
478 2025 500 2048 a
525 2018 644 2050 vetere
671 2025 794 2050 rerum
819 2012 1068 2050 Romanarum
1095 2012 1266 2050 memoria
1298 2010 1369 2049 sed·
1389 2010 1436 2049 ab
1463 2012 1507 2049 iis
1536 2009 1647 2050 rebus
1672 2010 1917 2060 ducerentur,
1953 2014 1991 2051 in

212 2080 347 2132 quibus
375 2087 451 2117 tum
481 2079 636 2116 maxime
657 2078 822 2116 homines
843 2085 905 2117 aut
926 2078 1045 2116 studia
1071 2083 1144 2116 aut*
1158 2077 1334 2116 desideria
1357 2091 1423 2115 sua
1450 2084 1648 2129 ponerent,
1677 2090 1772 2128 quae
1795 2079 1830 2116 si
1853 2078 1992 2117 dudum

208 2160 230 2185 a
267 2146 400 2185 veteris
436 2144 696 2196 magnitudinis
729 2145 917 2182 Romanae
950 2144 1196 2181 fundamentis
1229 2144 1278 2180 ad
1314 2145 1524 2195 peregrinas
1559 2157 1707 2182 normas
1743 2143 1987 2192 desciverant,

206 2229 289 2252 eum
314 2226 480 2264 quoque,
510 2213 574 2262 qui
599 2213 735 2249 ruentis
753 2212 894 2262 imperii
914 2211 1024 2249 rebus
1050 2224 1162 2250 novas
1189 2212 1283 2249 vires
1311 2212 1488 2261 inspirare
1513 2210 1645 2259 vellet,
1673 2208 1819 2249 Graeca
1845 2210 1989 2250 Latinis

207 2281 360 2333 jungere
384 2293 459 2318 non
485 2278 603 2317 minus
631 2283 911 2317 cousentaneum
933 2282 1031 2325 erat,
1060 2290 1170 2328 quam
1191 2275 1404 2316 Alexander
1425 2278 1464 2314 in
1491 2277 1602 2315 simili
1624 2276 1840 2316 condicione
1863 2278 1988 2316 Persi-

211 2359 276 2386 cos
302 2360 419 2385 mores
445 2345 650 2384 domesticis
681 2344 883 2382 admiscuit.
940 2344 1109 2382 Servavit
1133 2345 1281 2395 antiqua
1302 2346 1484 2391 instituta,
1511 2351 1691 2395 qnatenus
1716 2357 1791 2381 nou
1816 2357 1882 2381 sua
1909 2345 1989 2395 ipsa

210 2415 305 2452 mole
331 2415 564 2460 corruissent,
594 2411 658 2449 sed
683 2411 900 2462 pedetentim
924 2410 970 2448 ad
994 2424 1110 2449 novos
1136 2425 1225 2449 usus
1250 2411 1411 2449 traduxit
1435 2411 1546 2462 idque
1571 2411 1687 2449 donec
1713 2410 1831 2457 fieret,
1858 2410 1988 2449 iisdem

209 2493 303 2520 nova
331 2479 496 2531 adjunxit
527 2478 586 2515 vel
615 2478 806 2528 opposuit,
839 2479 876 2514 in
906 2476 1040 2527 quibus
1068 2478 1159 2527 ipsis
1186 2479 1270 2515 novi
1299 2479 1442 2528 imperii
1468 2477 1580 2515 cardo
1610 2483 1839 2525 versaretur3
1875 2484 1988 2527 utque

205 2548 407 2587 consulatui
437 2547 699 2597 principatum,
736 2550 923 2595 praeturae
952 2544 1215 2594 praefecturam
1245 2543 1368 2592 urbis,
1401 2542 1720 2595 proconsulatibus
1751 2551 1787 2581 et
1816 2550 1986 2594 quaestu-

1473 2609 1526 2646 3.
