2382 3016
1018 231 1053 274 ’ἵ

141 346 285 394 possint
296 371 309 391 ‚
350 345 403 381 ita
438 351 578 382 eertum
612 351 683 384 est,
702 351 737 382 et
775 345 1031 395 exploratum,
1073 351 1115 382 ut
1139 345 1264 381 nullus
1280 346 1366 395 jam
1393 344 1520 381 eorum
1548 345 1681 381 debeat
1707 357 1787 382 esse
1813 358 1899 380 usas
1911 359 1924 392 3

143 411 235 448 illud
264 418 402 448 tantum
429 411 546 457 addo,
575 424 693 460 neque
716 412 754 447 in
779 412 983 462 regionario
1010 411 1275 457 Einsidelensi‚
1311 410 1409 461 quod
1438 424 1580 447 summa
1608 424 1692 447 cum
1720 411 1791 448 fide
1817 411 1930 449 edidit

143 478 345 515 Haenelius
370 479 408 514 in
434 475 564 513 Jahuii
584 474 728 513 Archiv
754 476 784 513 f.
808 476 1017 527 Philologie
1039 477 1089 513 Τ.
1106 476 1158 523 V,
1189 490 1227 526 p.
1245 475 1327 512 152
1343 490 1445 526 sqq.,
1472 490 1590 527 neque
1616 478 1654 513 in
1683 477 1928 528 descriptione

143 544 257 582 Urbis
283 543 381 594 apud
407 542 679 591 Pancirollum,
717 556 824 594 quem
855 545 1053 595 genuinum
1080 542 1353 580 subditicios-um
1378 543 1522 580 illorum
1554 543 1760 582 libellorum
1788 545 1926 583 fontem

143 625 222 649 esse
257 617 362 649 acute
394 611 602 647 Bunsenius
636 611 796 658 monuit,
837 610 883 648 de
909 610 1085 661 Apolline
1110 615 1147 648 et
1174 609 1298 647 Clatra
1330 610 1369 646 in
1404 611 1550 660 regione
1585 616 1687 648 sexta
1723 611 1922 663 quidquam

143 692 339 729 apparere,
377 684 417 721 ut
445 678 505 715 vix
531 677 689 715 dubitari
716 678 856 728 possit,
891 678 980 728 quin
1006 691 1131 715 eorum
1158 676 1332 727 templum
1357 675 1404 713 ab
1428 676 1623 727 Onuphrio
1654 679 1837 717 Panvinio
1861 680 1924 717 de-

142 760 241 782 mum
273 745 330 782 vel
356 757 574 795 quocunque
600 745 671 782 alio
693 745 872 781 intrusum
901 744 969 791 sit,
1007 745 1071 794 qui
1098 744 1136 781 id
1162 743 1258 794 apud
1287 756 1374 779 suae
1400 744 1526 780 aetatis
1552 744 1796 795 topographos
1825 759 1925 783 eom-

143 813 333 850 memorari
360 811 519 849 vidisset.
575 812 633 849 Ne
659 813 753 849 enim
780 809 848 847 hos
876 824 922 847 ex
948 811 1098 861 antiquo
1123 812 1243 861 potius
1279 816 1425 847 auctore
1460 808 1646 858 hausisse,
1687 825 1796 862 quam
1825 812 1925 849 hunc

142 893 188 918 ex
213 879 286 916 illis
312 885 521 928 corruptum
549 885 656 929 atque
684 877 938 928 interpolatum
964 891 1045 914 esse
1070 883 1291 924 statuamus,
1321 891 1394 913 non
1421 876 1513 913 illud
1540 877 1649 915 modo
1677 885 1794 926 vetat,
1824 879 1924 930 quod

141 947 212 996 ipsi
249 945 388 982 nullum
424 951 605 983 auctorem
638 945 798 982 excitant
831 965 886 971 —
920 942 992 980 hoe
1026 944 1121 981 enim
1154 945 1259 981 etiam
1293 943 1380 980 alibi
1415 958 1498 982 raro
1533 944 1673 982 faciunt
1708 967 1762 972 —
1798 959 1923 982 verum

142 1013 247 1051 etiam
275 1011 373 1063 quod
396 1011 516 1054 locum
542 1013 580 1048 in
607 1013 688 1062 ipso
711 1009 894 1057 Quirinali
920 1015 1088 1047 accurate
1112 1009 1354 1060 distinguunt,
1383 1024 1491 1061 quem
1516 1024 1562 1048 ex
1587 1011 1802 1061 regionariis
1828 1019 1924 1049 certe

142 1085 262 1129 petere
290 1092 361 1116 non
389 1083 576 1128 poterant3
619 1083 660 1114 ut
692 1091 729 1114 v.
761 1089 796 1114 c.
826 1076 1031 1114 Marlianus
1058 1091 1096 1127 p.
1122 1075 1226 1115 122:
1267 1077 1442 1127 templum
1475 1076 1672 1128 Apollinis
1701 1079 1779 1129 fait
1813 1079 1852 1115 in
1879 1092 1925 1116 ea

141 1152 249 1196 parte
283 1144 515 1193 Quirinalis,
546 1156 641 1195 qaae
667 1143 706 1179 in
729 1148 877 1192 portam
902 1142 1189 1181 Flumentanam
1218 1157 1325 1180 versa
1352 1156 1456 1179 mons
1480 1143 1676 1193 Apollinis
1701 1151 1738 1182 et
1769 1145 1925 1182 Clatrae

143 1218 197 1249 est
225 1213 349 1258 dieta,
385 1217 421 1247 et
447 1194 617 1247 Andreas
641 1209 795 1246 Fulvius
828 1223 867 1259 p.
899 1207 1005 1246 156:
1044 1211 1142 1248 ande
1174 1211 1321 1247 initiam
1345 1210 1446 1247 altae
1475 1210 1643 1256 Semitas
1672 1225 1743 1261 per
1774 1214 1925 1249 dorsum

148 1277 357 1327 Quirinalis
388 1290 512 1315 versas
540 1276 844 1326 septentrionem,
879 1276 947 1313 ubi
978 1289 1002 1313 a
1029 1277 1190 1314 sinistris
1214 1283 1298 1315 sant
1326 1276 1439 1314 colles
1465 1282 1502 1314 et
1531 1277 1650 1315 valles
1678 1278 1796 1316 veluti
1821 1292 1923 1316 mon-

143 1346 190 1381 tis
217 1345 440 1395 appendices
466 1350 502 1380 et
532 1344 713 1393 imprimis
741 1356 846 1379 mons
875 1356 958 1380 eam
990 1343 1125 1393 templo
1160 1344 1313 1381 Glatrae
1338 1350 1373 1380 et
1397 1343 1607 1393 Apollinis,
1645 1346 1712 1396 qui
1738 1345 1924 1395 plurimas

144 1413 307 1449 imminet
339 1412 485 1461 reqioni
516 1424 561 1448 ae
586 1411 756 1462 fontibus
789 1410 925 1458 Trivii,
957 1410 1025 1447 ubi
1051 1424 1150 1448 nune
1179 1417 1233 1448 est
1261 1410 1446 1461 palatium
1470 1416 1506 1448 et
1538 1411 1647 1449 vinea
1674 1411 1728 1449 R.
1754 1412 1808 1449 D.
1840 1411 1923 1451 Oli·

143 1480 238 1516 verii
267 1478 432 1530 Carasae
463 1476 680 1515 Cardinalis
706 1478 891 1528 quondam
917 1477 1190 1528 Neapolitani,
1226 1477 1321 1515 unde
1353 1477 1461 1514 facile
1488 1484 1638 1529 apparet
1667 1478 1736 1516 hos
1764 1485 1923 1517 veterem

143 1547 263 1595 potius
290 1545 422 1582 famam
455 1557 498 1581 ae
532 1557 714 1581 rumorem
749 1544 959 1594 popularem
996 1552 1142 1583 secutos
1176 1558 1276 1592 esse,
1316 1545 1376 1581 cui
1412 1551 1588 1595 quantum
1614 1545 1923 1595 putidissimorum

142 1625 307 1650 errorum
332 1613 371 1648 in
398 1609 636 1661 topographia
664 1609 764 1649 urbis
793 1617 960 1649 aeternae
987 1610 1181 1659 debeatur,
1210 1610 1344 1661 peritos
1370 1610 1535 1662 pluribus
1562 1613 1700 1650 moneri
1728 1626 1800 1650 non
1828 1627 1922 1663 opus

141 1685 209 1715 est.
266 1678 324 1713 Ea
347 1689 434 1713 vero
456 1676 552 1712 sama
576 1677 608 1713 si
631 1677 837 1726 quaerimus
863 1676 995 1728 quibus
1022 1678 1184 1728 vestigiis
1210 1678 1363 1723 nitatur,
1391 1690 1437 1713 ne
1463 1677 1649 1714 Nardinus
1674 1678 1819 1727 quidem
1844 1679 1917 1716 lv.

142 1744 170 1780 6
194 1751 289 1780 extr.
319 1744 403 1793 plus
430 1745 552 1789 novit,
590 1756 699 1792 quam
726 1742 871 1779 illorum
897 1742 1083 1779 hominum
1114 1749 1229 1780 aetate
1260 1743 1389 1780 collem
1417 1743 1563 1781 Clatrae
1588 1743 1810 1793 appellatum
1841 1758 1921 1782 esse

141 1810 307 1860 idemque
339 1822 471 1847 nomen
505 1815 715 1859 corruptum
747 1809 787 1845 in
821 1809 947 1859 Papae
987 1807 1175 1860 cujusdam
1214 1809 1468 1847 constitutione
1500 1811 1670 1861 reperiri:
1716 1810 1749 1847 il
1783 1812 1919 1861 tempio

142 1875 324 1927 d’Apollo
353 1888 374 1912 e
401 1875 444 1910 di
470 1874 604 1912 Glatra
633 1876 703 1912 dea
733 1874 792 1912 de’
817 1874 978 1912 cancelli
1004 1889 1025 1912 e
1057 1875 1157 1912 delle
1183 1875 1325 1927 ferrate
1360 1876 1530 1912 serivono
1568 1876 1600 1912 il
1630 1876 1768 1913 Fulvio
1804 1878 1853 1914 ed
1890 1878 1922 1914 il

140 1943 337 1982 Marliano
371 1956 470 1980 esser
498 1949 593 1980 stato
624 1943 663 1979 in
697 1942 822 1993 quella
854 1949 963 1992 parte
992 1943 1057 1980 del
1088 1942 1307 1990 Quirinale,
1346 1942 1404 1980 eli'
1429 1942 1509 1980 alla
1533 1944 1693 1995 fontana
1727 1944 1771 1980 di
1806 1943 1921 1982 Treui

140 2016 321 2057 sovrasta,
352 2008 431 2047 eioe
458 2008 483 2046 a
512 2009 594 2046 dire
618 2008 682 2046 nel
708 2010 828 2046 cubito
856 2009 922 2046 del
941 2009 1051 2056 colle,
1080 2009 1173 2046 dove
1200 2007 1221 2045 ὲ
1250 2008 1364 2059 hoqqi
1383 2014 1493 2058 parte
1520 2009 1585 2047 del
1609 2007 1777 2048 Palazzo
1806 2023 1828 2048 e
1855 2011 1921 2048 del

147 2077 331 2114 Giardino
359 2075 424 2111 del
445 2075 578 2125 Papa,
615 2075 653 2111 la
677 2076 787 2126 quale
809 2082 918 2126 parte
940 2077 1073 2112 dieono
1103 2088 1201 2111 esser
1222 2080 1321 2111 stata
1351 2074 1375 2110 ἱι
1405 2075 1486 2111 loro
1519 2077 1634 2124 tempi
1659 2077 1762 2113 detta
1782 2077 1919 2114 Monte

142 2145 184 2180 di
211 2143 376 2189 Clatra3-
404 2141 437 2177 il
464 2142 658 2178 medesimo
691 2155 798 2179 nome
829 2148 991 2180 eon-otto
1021 2143 1058 2179 si
1088 2142 1191 2192 leyqe
1224 2141 1328 2178 nella
1365 2139 1617 2179 Costituzione
1648 2144 1693 2179 di
1727 2143 1921 2181 Giovanni

139 2210 252 2262 Papa
279 2216 377 2248 temo
408 2207 578 2258 quoniam
607 2212 679 2245 etc.
715 2212 865 2258 portata
903 2207 1007 2246 nella
1040 2221 1109 2246 saa
1145 2207 1270 2245 Roma
1312 2219 1422 2244 saera
1462 2207 1531 2244 dal
1563 2207 1803 2258 Mar-tinelli,
1850 2222 1918 2247 ove

142 2285 200 2316 tra
230 2279 246 2314 i
273 2276 411 2328 confini
435 2276 620 2326 asseqnati
649 2275 729 2311 alla
758 2275 971 2312 paroechia
995 2276 1097 2313 della
1132 2275 1269 2312 Ghiesa
1296 2274 1356 2311 de’
1384 2273 1499 2312 Santi
1523 2275 1705 2325 Apostoli
1724 2279 1762 2314 si
1786 2278 1913 2329 leqqe:

140 2345 270 2384 deinde
295 2344 342 2382 ad
367 2343 528 2381 dextram
553 2342 756 2381 extenditur
776 2341 878 2393 juxta
899 2341 995 2381 latus
1019 2343 1150 2380 montis
1176 2354 1288 2392 supra
1314 2339 1497 2380 Catricam
1524 2349 1596 2381 etc.
1609 2369 1622 2391 ,
1654 2343 1694 2382 la
1721 2344 1813 2397 qual
1842 2343 1916 2383 Ca—

141 2413 236 2451 trica
258 2425 328 2463 per
355 2416 515 2448 corrotto
541 2423 648 2448 nome
674 2411 718 2447 di
747 2409 879 2447 Clatra
907 2410 976 2447 dal
993 2409 1212 2448 Martinelli
1233 2409 1500 2447 eruditamente
1524 2410 1556 2447 s’
1572 2423 1729 2462 espone5
1763 2424 1917 2463 eamque

139 2482 255 2531 ipsam
279 2480 567 2517 constitutionem
590 2478 718 2516 salsam
745 2491 825 2515 esse
848 2478 967 2529 arguit
988 2467 1195 2516 Urlichsius
1218 2477 1257 2514 in
1276 2476 1454 2515 Bunsenii
1469 2477 1747 2531 Besehreibung
1770 2479 1822 2517 T.
1836 2480 1912 2527 ΙΙΙ,

140 2548 189 2585 Ρ.
215 2545 257 2594 2,
287 2561 326 2597 p.
351 2544 457 2595 5913
491 2559 584 2597 quae
610 2559 721 2596 quum
750 2546 797 2583 ita
820 2546 914 2594 sint,
946 2545 1139 2584 videndum
1168 2559 1214 2584 ne
1240 2545 1390 2596 propius
1414 2543 1461 2582 ad
1484 2558 1607 2583 verum
1635 2546 1817 2586 conducat
1844 2548 1916 2585 Fa-
