2382 3016
323 312 500 357 rabatur‚
544 323 610 360 spe
641 316 762 346 tamen
794 308 908 344 dubia
939 311 1168 356 praesentem
1197 309 1330 340 metum
1358 303 1525 339 vincente
1550 316 1687 352 pueros
1719 304 1772 339 ad
1805 305 1927 352 ripam
1966 303 2112 339 Tiberis

322 378 493 427 protinus
532 376 666 414 detulit
709 374 921 426 (habitabat
960 372 1056 408 enim
1097 371 1134 407 in
1170 370 1264 407 villa
1299 383 1367 406 sua
1401 374 1555 418 propter
1589 369 1711 405 vicum
1748 367 1914 405 Sabinae
1951 369 2113 420 reqionis

325 442 503 494 Eretum)
542 456 586 479 ac
624 442 735 479 lintre
770 439 912 478 Ostiam
945 443 1073 488 petens
1107 442 1213 474 nocte
1244 434 1423 473 concubia
1452 435 1504 471 ad
1534 434 1721 472 Martium
1755 447 1923 485 campum
1950 434 2109 485 appulit,

325 512 603 560 sitientibusque
631 509 752 558 aeqris
775 518 990 543 succurrere
1014 505 1178 552 cupiens,
1209 503 1293 553 iqne
1316 503 1355 537 in
1379 502 1528 550 naviqio
1551 514 1627 537 non
1652 507 1881 551 suppetente,
1912 515 1957 538 ex
1981 502 2113 551 quber-

326 583 457 614 nator-e
487 575 673 626 coqnoscit
705 573 807 610 haud
839 570 975 622 procul
1002 582 1182 620 apparere
1211 569 1366 620 sumum.
1423 565 1478 602 Et
1507 566 1555 603 ab
1585 579 1627 603 eo
1650 567 1780 617 jussus
1811 568 1939 618 eqredi
1974 568 2111 605 Teren-

329 650 404 680 tum
440 642 503 692 (id
533 642 570 678 ei
601 640 683 677 loco
716 653 846 676 nomen
885 637 956 687 est)
1001 637 1133 686 cupide
1168 640 1314 684 arrepto
1352 632 1470 670 calice
1502 645 1637 684 aquam
1674 633 1830 684 flumine
1866 633 2035 671 haustam
2070 647 2112 671 eo

329 711 426 747 unde
449 709 575 760 sumus
602 712 682 744 erat
710 707 858 742 obortus
875 705 960 755 jam
988 704 1121 740 laetior
1144 700 1312 752 pertulit,
1340 699 1516 736 divinitus
1544 698 1627 735 dati
1648 700 1806 735 remedii
1829 701 1938 752 quasi
1960 701 2114 752 vestiqia

330 776 512 827 quaedam
546 775 584 809 in
618 772 827 822 propinquo
861 776 1007 806 nactum
1041 782 1080 805 se
1115 768 1328 805 existimans
1336 781 1350 814 ‚-
1396 767 1504 817 inque
1536 764 1617 801 solo
1655 766 1773 816 maqis
1802 767 1970 818 fumante
2004 780 2114 818 quam

330 842 429 878 ullas
461 841 558 891 iquis
590 839 745 874 habente
774 835 970 887 reliquias,
1004 836 1091 871 dum
1119 835 1283 871 tenacius
1312 846 1418 870 omen
1445 831 1713 882 apprehendit,
1746 834 1945 870 contractis
1972 834 2114 871 levibus

331 914 366 944 et
395 920 490 959 quae
516 907 596 957 fors
630 902 812 940 obtulerat
841 901 1072 938 nutrimentis
1098 900 1284 950 pertinaci
1310 900 1446 950 spiritu
1472 899 1662 951 flammam
1690 900 1850 936 evomuit
1877 900 2114 952 calefactam-

331 987 402 1024 que
431 985 563 1023 aquam
590 970 715 1020 pueris
743 969 937 1004 bibendam
971 968 1085 1003 dedit.
1150 966 1234 1014 Qua
1262 972 1412 1016 potata,
1450 965 1612 1002 salutari
1633 965 1762 1018 vquiete
1793 967 1930 1016 sopiti,
1969 968 2115 1004 diutina

333 1041 372 1076 vi
402 1039 522 1075 morbi
548 1042 694 1086 repente
719 1041 804 1072 sunt
831 1035 1003 1080 liberati,
1039 1034 1213 1084 patrique
1241 1034 1496 1070 indicaverunt
1528 1031 1663 1068 vidisse
1690 1045 1729 1068 se
1758 1033 1797 1068 in
1823 1033 1962 1070 somnis
1992 1033 2115 1070 nescio

334 1120 356 1142 a
392 1118 463 1156 quo
499 1105 648 1140 deorum
681 1102 836 1152 sponqia
873 1115 940 1137 sua
978 1114 1135 1150 corpora
1168 1099 1334 1150 per-terqi
1368 1104 1404 1136 et
1430 1099 1622 1148 praecipi,
1656 1104 1697 1137 ut
1730 1099 1782 1135 ad
1806 1098 1908 1137 Ditis
1932 1100 2053 1149 patris
2082 1105 2116 1136 et

334 1172 581 1221 Proserpinae
607 1182 731 1214 aram,
769 1182 791 1204 a
819 1180 891 1218 qua
914 1168 1039 1218 suerat
1065 1167 1169 1216 potio
1203 1167 1292 1215 ipsis
1322 1166 1463 1212 allatu,
1499 1166 1632 1217 fitrvae
1663 1165 1807 1202 hostiae
1835 1166 2118 1203 immolarentur

336 1238 627 1287 lectisterniaque
663 1241 698 1272 et
734 1234 816 1271 ludi
849 1234 1022 1271 nocturni
1056 1234 1202 1285 fierent.
1259 1232 1304 1269 Is
1334 1233 1434 1284 quod
1468 1245 1510 1269 eo
1549 1233 1625 1270 loci
1649 1232 1792 1269 nullam
1821 1246 1927 1269 aram
1954 1233 2115 1278 viderat,

334 1304 541 1341 desiderari
564 1302 713 1338 credens
737 1306 778 1337 ut
804 1314 828 1337 a
846 1313 885 1336 se
907 1305 1194 1347 construeretur,
1225 1313 1330 1336 aram
1351 1304 1511 1336 emturus
1533 1300 1572 1336 in
1600 1300 1728 1337 urbem
1747 1299 1927 1350 perrexit,
1960 1298 2115 1345 relictis,

335 1371 400 1420 qui
433 1370 754 1420 fundamentorum
794 1367 1134 1404 constituendorum
1170 1368 1294 1417 qratia
1337 1373 1473 1403 terram
1518 1368 1570 1402 ad
1612 1366 1773 1403 solidum
1808 1367 1994 1417 foderent.
2063 1365 2121 1402 Hi

336 1436 478 1472 domini
513 1434 704 1484 imperium
743 1438 979 1484 exsequentes
1017 1445 1128 1484 quum
1166 1433 1218 1469 ad
1252 1434 1387 1484 viqinti
1420 1433 1558 1484 pedum
1585 1432 1819 1470 altitudinem
1852 1432 1963 1470 humo
1996 1438 2118 1484 eqesta

334 1502 599 1550 pervenissent,
638 1500 977 1536 animadverterunt
1012 1514 1117 1536 aram
1141 1500 1229 1537 Diti
1254 1499 1370 1537 Patri
1397 1499 1718 1551 Proserpinaeque
1749 1500 1977 1549 inscriptam.
2033 1499 2118 1535 Hoc

334 1573 525 1618 postquam
550 1565 723 1603 Valesius
745 1566 944 1603 nunciante
969 1580 1075 1603 servo
1100 1567 1257 1616 accepit,
1288 1567 1422 1603 omisso
1445 1567 1620 1604 emendae
1648 1579 1738 1603 arae
1760 1566 1953 1616 proposito
1980 1565 2119 1602 hostias

335 1634 480 1683 niqras,
519 1646 612 1684 quae
636 1632 837 1683 antiquitus
862 1632 997 1683 furvae
1025 1634 1265 1679 dicebantur,
1310 1633 1464 1670 Terenti
1498 1632 1704 1670 immolavit
1731 1631 1911 1683 ludosque
1945 1637 1982 1668 et
2015 1631 2118 1667 lecti-

336 1700 473 1737 sternia
499 1700 679 1736 continuis
711 1699 827 1736 tribus
853 1700 1042 1746 noctibus,
1081 1700 1170 1751 quia
1197 1700 1349 1737 totidem
1372 1700 1451 1751 filii
1477 1699 1647 1750 periculo
1678 1699 1829 1736 liberati
1855 1704 1981 1745 erant,
2012 1698 2116 1750 fecit.

343 1764 457 1816 Cnjus
488 1765 690 1816 exemplum
718 1764 896 1803 Valerius
923 1765 1148 1814 Publicola,
1187 1767 1254 1818 qui
1274 1766 1418 1817 primus
1445 1766 1577 1804 consul
1598 1765 1695 1818 ficit,
1730 1766 1853 1803 studio
1880 1765 2123 1803 succurrendi

339 1833 477 1868 civibus
503 1838 645 1869 secutus
673 1835 775 1884 apud
798 1834 951 1870 eandem
979 1847 1084 1870 aram
1109 1834 1261 1884 publice
1286 1835 1506 1885 nuncupatis
1534 1835 1629 1871 votis
1656 1834 1842 1886 caesisque
1868 1834 1960 1870 atris
1987 1833 2118 1878 bubus,

340 1899 424 1935 Diti
452 1900 633 1946 maribus,
663 1901 813 1952 feminis
840 1900 1115 1950 Proserpinae,
1150 1900 1446 1953 lectisternioque
1475 1908 1510 1939 et
1542 1901 1640 1939 ludis
1673 1901 1845 1939 trinoctio
1871 1900 1984 1953 factis
2016 1913 2121 1936 aram

341 1972 460 2012 terra,
493 1972 534 2003 ut
561 1973 668 2004 antea
694 1968 840 2018 fuerat,
875 1968 1013 2004 obruit.
1069 1968 1198 2017 Neque
1223 1969 1327 2006 aliter
1353 1970 1523 2006 Zosimus
1551 1969 1607 2006 11.
1639 1967 1658 2005 1
1681 1981 1764 2018 sqq.
1793 1968 1863 2004 nisi
1889 1966 1988 2017 quod
2014 1966 2121 2003 aliam

341 2031 500 2069 fabulam
527 2032 645 2081 addit,
676 2047 749 2084 quo
776 2039 884 2084 paeto
911 2035 989 2085 ipsa
1014 2034 1075 2072 illa
1102 2048 1164 2072 ara
1189 2035 1258 2072 sub
1287 2042 1419 2073 terram
1448 2035 1593 2074 condita
1621 2036 1692 2085 sit3
1727 2035 1876 2086 gravius
1902 2040 2021 2071 autem
2049 2039 2119 2079 est,

342 2099 439 2148 quod
465 2102 642 2148 posterius
668 2113 814 2151 quoque
841 2114 937 2137 anno
965 2115 1003 2137 u.
1035 2114 1069 2138 c.
1101 2101 1295 2149 CCCLH,
1324 2116 1437 2153 quum
1464 2104 1627 2153 ipsorum
1654 2101 1829 2138 librorum
1856 2099 2122 2151 Sibyllinorum

342 2163 444 2214 jussu
471 2164 507 2201 hi
533 2165 609 2202 ludi
632 2173 901 2217 repeterentur,
931 2168 1018 2206 solis
1046 2167 1115 2205 diis
1141 2168 1266 2206 inferis
1290 2182 1394 2206 sacra
1422 2169 1519 2207 faeta
1545 2182 1623 2207 esse
1648 2174 1822 2207 testatur:
1850 2163 2123 2217 ἀναζητήσαν-

344 2246 410 2272 τες
434 2231 500 2272 τὸν
527 2230 643 2275 τόπον
667 2229 771 2285 ’Ἀδῃ
794 2233 864 2276 καὶ
890 2232 1113 2289 Περσεφόνῃ
1140 2236 1253 2278 κατοί
1285 2235 1330 2278 τὸ
1359 2236 1625 2290 προςταχθὲν
1655 2233 1915 2284 καθήγισαν,
1949 2231 2123 2287 Μάρκου

344 2300 515 2341 Ποτίτου
542 2301 587 2341 τὸ
608 2301 802 2355 τέταρτον
826 2299 1111 2349 ὑπατεύοντος,
1138 2303 1208 2345 καὶ
1235 2308 1306 2352 τῆς
1335 2304 1547 2359 ἱερουργίας
1573 2301 1909 2350 συντελεσθείσης
1932 2304 2012 2343 τῶν
2039 2303 2124 2343 ἑπι-

347 2366 532 2415 κειμένων
559 2365 883 2417 ἀπαλλαγέντες
914 2368 981 2409 τὸν
1011 2369 1145 2420 βωμόν
1166 2363 1288 2413 αὖθις
1313 2368 1561 2422 ἐκάλυψαν,
1590 2374 1632 2412 ἐν
1657 2368 1824 2423 ἐσχάτῳ
1850 2382 1925 2410 που
1952 2367 2125 2419 κείμενον

349 2435 418 2471 τοῦ
443 2430 594 2485 Ἀρείου
621 2430 771 2475 πεδίουε
808 2435 974 2485 idemque
1006 2437 1195 2474 confirmat
1221 2437 1353 2474 Festus
1387 2453 1419 2475 s.
1455 2453 1491 2475 v.
1522 2438 1732 2475 saeculares
1764 2437 1848 2473 ludi
1870 2442 1907 2473 et
1932 2436 2053 2474 Varro
2080 2435 2125 2473 de

349 2499 501 2535 scenicis
528 2501 726 2551 originibus
753 2501 847 2540 libro
875 2503 990 2552 primo
1017 2503 1112 2553 apud
1140 2501 1382 2542 Censorinum
1411 2505 1455 2543 de
1484 2505 1541 2543 die
1568 2505 1679 2543 natali
1708 2518 1743 2541 c.
1768 2502 1844 2541 17:
1876 2516 1985 2555 quum
2009 2502 2125 2540 multa
