2382 3016
344 335 424 358 rum
453 321 616 358 recensio
644 319 870 357 demonstrat
895 321 993 371 apud
1020 321 1224 359 Varronem
1251 320 1300 356 L.
1325 320 1374 356 L.
1404 321 1456 357 V.
1483 319 1564 367 52,
1596 320 1657 356 ubi
1685 333 1730 356 ex
1756 318 1934 356 Odofredi
1961 317 2126 363 Miilleri,

344 386 558 424 immortalis
586 387 779 423 memoriae
804 387 886 432 viri,
917 385 1166 423 emendatione
1190 399 1288 423 nunc
1313 387 1367 422 sic
1389 386 1543 436 legitur:
1573 385 1681 422 collis
1699 384 1888 421 Salutaris
1906 384 2127 434 quar-ticeps,

346 453 545 489 advorsum
574 458 628 489 est
652 450 867 502 Apollinar
900 452 954 489 cis
981 452 1110 489 aedem
1135 449 1282 489 Salutis
1291 466 1304 500 ς
1343 451 1394 488 cf.
1426 450 1587 502 ejusdem
1616 451 1891 502 disputationem
1915 462 1979 485 zur
2005 449 2130 499 Topo-

343 518 494 569 graphie
527 519 646 555 Roms
683 520 721 561 in
758 520 937 569 Bottigeri
971 516 1240 568 Archaeologie
1276 518 1350 555 und
1386 518 1529 565 Eunai,
1573 516 1727 556 Vratisl.
1759 513 1886 552 1828.
1919 513 1962 562 8,
1993 528 2031 565 p.
2055 512 2127 551 89.

345 585 486 631 Audio,
517 585 676 635 novique
703 584 800 622 hanc
826 584 1112 622 emendationem
1139 586 1245 621 etiam
1273 585 1472 632 Bunsenio,
1503 583 1832 635 intelligentissimo
1855 580 1982 618 harum
2010 595 2130 619 rerum

347 651 497 697 arbitro,
528 650 620 688 adeo
643 652 823 698 arrisisse,
853 657 894 687 ut
920 664 997 687 eam
1027 651 1084 687 vel
1115 664 1201 687 suae
1229 652 1364 702 ipsius:
1404 653 1597 688 adversum
1623 656 1676 687 est
1696 649 1886 700 pulvinar,
1918 647 2129 697 praeferret,

347 718 398 754 cf.
431 716 586 754 Beschr.
620 715 658 752 d.
690 716 799 754 stadt
825 717 922 753 Rom
951 716 1001 752 T.
1030 716 1065 762 I,
1096 730 1134 766 p.
1161 715 1271 765 6983
1314 716 1407 754 idem
1436 724 1554 754 tamen
1590 730 1674 753 mox
1702 715 1792 752 haec
1822 713 2029 764 subjungit:
2072 713 2133 749 iel·

349 783 515 821 bemerIoe
534 782 699 833 jedocla,
748 783 834 818 dass
868 795 954 817 man
984 794 1055 817 von
1091 782 1233 818 keinem
1267 784 1367 820 alten
1399 784 1653 835 Heiliqtliume
1688 783 1752 818 des
1779 779 1922 830 Apollo
1952 780 2027 830 aas*
2050 779 2132 814 dem

354 848 574 896 Quirinale,
603 849 651 898 ja
678 847 874 897 eiqentlicli
905 861 977 883 nur
1005 848 1123 884 durch
1157 848 1199 885 V
1197 849 1292 885 ictor
1314 851 1393 886 und
1416 849 1542 902 Rufus
1571 862 1643 886 von
1668 848 1798 898 irqend
1824 846 1939 882 einem
1964 845 2046 882 hier
2071 857 2131 896 qe-

348 915 500 965 leqenen
527 913 779 963 Heiliqtliume
810 912 1005 962 Apollinis
1033 919 1068 950 et
1105 912 1260 951 Clatrae
1289 914 1429 951 Raude
1455 915 1542 962 lust,
1580 916 1659 952 und
1684 915 1744 950 die
1779 912 2039 949 Auctoritiiten
2068 912 2134 962 fiir

349 982 411 1017 die
441 981 672 1028 Benennunq
709 979 773 1014 des
815 978 943 1015 Tleeils
979 991 1063 1014 vom
1105 978 1303 1027 Quirinal,
1342 980 1503 1017 welcher
1537 982 1629 1018 iiber
1666 979 1838 1016 Fontana
1882 978 1995 1014 Trevi
2028 977 2130 1028 lieqt,

349 1047 445 1083 »each
480 1047 561 1082 dem
594 1044 778 1080 Giardino
809 1044 874 1080 del
904 1044 1015 1094 Papa
1046 1060 1114 1091 zu,
1151 1047 1218 1082 mit
1249 1047 1366 1083 einem
1398 1047 1494 1083 noch
1530 1047 1579 1082 im
1608 1045 1846 1082 seclnzeltnten
1873 1044 2134 1082 Jahn-handen

348 1113 521 1149 iiblicluen
553 1110 702 1147 Numen
739 1108 872 1146 Clatra
906 1110 1077 1147 wirlclicla
1112 1117 1225 1147 etwas
1260 1112 1476 1162 verdiiclitiq
1505 1134 1557 1140 —-
1592 1125 1677 1148 man
1711 1109 1853 1146 tniichte
1888 1123 2001 1160 saqen
2036 1109 2132 1145 kla-

349 1180 442 1228 triq
478 1178 584 1221 siml,
629 1177 678 1211 cla
709 1176 777 1211 der
806 1175 1053 1212 urkundliclne
1086 1176 1212 1213 lVame
1252 1177 1288 1214 C
1293 1179 1393 1213 atri
1400 1191 1452 1214 ca
1486 1180 1555 1224 ist,
1599 1178 1659 1214 ein
1691 1176 1756 1213 PV
1753 1181 1811 1212 ort
1820 1202 1832 1222 ‚
1866 1175 1968 1211 nieht
2000 1189 2131 1212 unver-

347 1244 575 1281 stiinclliclaer
605 1242 684 1279 und
715 1240 1034 1289 unerkliirliclaer,
1073 1242 1130 1279 als
1164 1243 1259 1280 viele
1291 1245 1429 1282 andere
1457 1245 1521 1282 des
1548 1247 1677 1294 spiiten
1704 1241 1970 1290 Illittelalters3
2008 1254 2075 1279 nec
2101 1242 2131 1278 si

346 1312 428 1360 quis
456 1311 533 1359 ipsa
561 1308 657 1344 illius
688 1307 949 1345 emendationis
981 1308 1215 1346 fundamenta
1254 1311 1447 1361 respiciat,
1487 1311 1544 1347 vel
1571 1323 1591 1346 a
1620 1310 1785 1346 codicum
1814 1308 1995 1345 Mstorum
2023 1309 2131 1345 vesti-

347 1377 415 1426 giis
451 1376 507 1412 vel
541 1375 585 1411 ab
619 1375 732 1424 ipsius
768 1376 960 1412 vetustatis
998 1377 1212 1413 testimoniis
1245 1376 1336 1414 adeo
1362 1376 1496 1413 firmari
1525 1377 1705 1422 inveniet,
1748 1381 1787 1411 ut
1814 1381 1875 1411 aut
1904 1375 1942 1410 in
1969 1373 2130 1411 ordinem

347 1443 458 1491 recipi
498 1447 559 1478 aut
595 1442 672 1478 sine
709 1440 838 1477 circuli
875 1441 1037 1491 periculo
1066 1441 1265 1492 quidquam
1302 1443 1386 1480 inde
1418 1443 1463 1480 de
1491 1442 1675 1493 Apollinis
1710 1441 1810 1479 cultu
1837 1441 2006 1478 Romano
2045 1453 2132 1477 con·

347 1508 442 1543 eludi
474 1508 640 1557 potuerit.
698 1507 840 1556 Nempe
876 1514 915 1543 ut
949 1508 995 1544 ab
1024 1508 1205 1545 historicis
1232 1511 1455 1560 argumentis
1488 1509 1694 1554 ordiamur,
1739 1510 1787 1545 ita
1819 1508 2001 1545 Miillerus
2036 1507 2133 1556 apud

346 1571 572 1622 Bottigerum
602 1572 781 1622 disputat:
822 1575 890 1610 der
922 1575 1078 1624 Tempel
1100 1576 1164 1612 cles
1194 1575 1338 1624 Apollo
1371 1576 1449 1611 und
1482 1576 1550 1612 cler
1579 1575 1711 1613 Clatra
1743 1588 1825 1612 war
1850 1573 2001 1625 freilicli
2036 1572 2139 1610 wohl

337 1639 477 1688 jiinqer
512 1638 569 1674 als
608 1638 675 1674 das
708 1638 1125 1692 Apollo-Ileiliqtlmrn
1162 1642 1238 1693 aus
1262 1641 1334 1676 den
1361 1640 1642 1678 Flaminisclaen
1673 1640 1859 1688 lViesen3
1907 1639 2004 1675 doch
2038 1639 2136 1675 kann

347 1704 530 1740 Asconius
554 1705 657 1742 nicht
683 1705 807 1742 Reclit
833 1707 969 1752 haben,
995 1708 1082 1742 dass
1107 1708 1186 1743 dies
1213 1709 1309 1743 noch
1337 1722 1383 1743 zu
1416 1707 1583 1744 Οἶσθ-ὠ
1607 1707 1693 1743 Zeit
1716 1708 1785 1742 das
1807 1708 1949 1756 einziqe
1976 1707 2015 1741 in
2037 1705 2136 1741 Rom

348 1784 511 1819 qewesen
538 1784 623 1820 sey,
666 1772 763 1808 denn
799 1786 876 1809 wer
907 1772 1010 1810 bime
1041 1773 1145 1810 wohl
1172 1774 1210 1809 in
1246 1775 1313 1811 der
1339 1773 1554 1812 Baiterzeit
1587 1774 1654 1810 der
1683 1786 1778 1824 qemz
1806 1773 1986 1822 obscur-en
2014 1770 2138 1822 (sonst

348 1850 419 1873 ηιιν
446 1837 521 1888 auf
540 1838 621 1874 dem
651 1837 855 1875 bekannten
879 1838 1090 1876 Dent-male
1117 1841 1183 1877 mit
1209 1841 1276 1877 ‹let-
1303 1839 1488 1892 Inschrifi
1511 1840 1711 1890 Lerpirior
1737 1838 1957 1889 Santirpior
1981 1852 2019 1874 u.
2036 1851 2067 1874 s.
2085 1851 2132 1873 w.

350 1904 673 1954 uorkommemlen)
709 1905 842 1941 Clatra
869 1906 975 1941 einen
1011 1907 1166 1956 Tempe!
1189 1908 1353 1957 qebuut?
1406 1908 1500 1944 Dies
1526 1907 1761 1957 Heiliqtlmm
1790 1906 1853 1956 laq
1875 1906 1972 1942 nacla
2005 1904 2138 1942 Victor

348 1971 426 2005 und
450 1969 573 2020 Rufus
607 1971 645 2006 in
679 1971 758 2008 alta
791 1970 934 2008 semita
961 1973 1040 2008 und
1066 1987 1132 2009 aits
1166 1973 1307 2010 iilteren
1340 1974 1614 2025 Topoqraplnen
1640 1972 1759 2009 Roms
1788 1972 1888 2008 wird
1918 1969 2135 2015 versichert,

349 2035 435 2070 dass
462 2035 528 2071 der
554 2035 810 2087 Ellenboqen,
851 2038 923 2073 den
951 2039 1019 2074 der
1046 2038 1334 2089 lanqqestreclste
1366 2039 1546 2087 Quirinal
1570 2046 1665 2076 etwa
1692 2051 1808 2090 qeqen
1835 2039 1897 2074 die
1923 2037 2040 2074 Mitte
2068 2036 2137 2071 bil·

351 2101 434 2144 det,
478 2102 572 2136 nocle
611 2104 715 2144 iiber,
735 2104 803 2139 alas
839 2104 1069 2141 Mittelalter
1102 2106 1237 2142 lainaus
1273 2108 1344 2143 den
1371 2107 1522 2142 Numen
1557 2108 1626 2143 der
1656 2106 1790 2143 Clatra
1816 2111 1992 2154 qetraqen
2026 2103 2134 2139 liabe.

350 2165 423 2203 His
450 2179 536 2203 vero
563 2165 660 2205 facili
688 2170 830 2219 negotio
858 2176 894 2208 et
914 2169 1004 2208 illud
1031 2172 1166 2222 opponi
1192 2178 1331 2222 potest,
1364 2172 1524 2211 Victoris
1549 2178 1584 2210 et
1606 2170 1718 2218 Rufi,
1751 2171 1814 2222 qui
1840 2169 2032 2214 dicuntur,
2064 2166 2139 2204 fere

351 2231 485 2267 nullam
515 2233 668 2282 amplius
690 2235 796 2271 fidem
823 2249 924 2282 esse,
957 2251 1022 2273 nec
1050 2237 1195 2275 Clatrae
1221 2239 1345 2284 illius,
1385 2252 1494 2288 quam
1521 2238 1560 2275 hi
1583 2244 1790 2275 consortem
1817 2235 1985 2285 Apollini
2006 2234 2137 2284 junxe-

352 2305 457 2344 runt,
502 2304 565 2335 aut
592 2313 721 2337 nomen
755 2310 818 2339 aut
844 2303 964 2340 cultus
991 2305 1088 2354 apud
1116 2312 1253 2342 veteres
1280 2305 1400 2355 aliqua
1428 2306 1664 2356 vestigiorum
1688 2303 1857 2341 firmitate
1885 2302 2023 2338 nititur.
2081 2301 2139 2338 De

354 2364 563 2413 regionariis
600 2366 710 2404 verbo
745 2366 893 2419 defungi
930 2369 1014 2407 licet
1047 2377 1131 2421 post
1165 2372 1391 2409 Bunsenium
1429 2371 1456 2408 l.
1488 2384 1522 2409 c.
1563 2372 1614 2408 T.
1646 2370 1679 2417 1,
1717 2384 1753 2420 p.
1787 2367 1891 2415 1753
1939 2380 2054 2418 quos,
2101 2375 2139 2404 ut

353 2428 505 2465 Beckeri
531 2431 650 2468 verbis
683 2441 763 2470 utar
791 2434 836 2471 de
865 2436 1004 2472 Romae
1030 2439 1162 2474 veteris
1188 2440 1300 2475 muris
1327 2445 1435 2488 atque
1463 2439 1598 2487 portis,
1634 2437 1740 2486 Lips·
1771 2433 1898 2471 1842·
1926 2433 1969 2481 8,
2004 2449 2042 2484 P·
2068 2433 2136 2479 '¹29

355 2494 571 2531 subditicios
597 2511 673 2536 esse
707 2508 771 2538 aut
805 2502 856 2538 ita
891 2508 987 2538 certe
1015 2503 1278 2552 interpolatos,
1319 2510 1360 2541 ut
1386 2518 1474 2542 vera
1502 2519 1525 2541 a
1550 2504 1660 2554 falsis
1691 2501 1795 2539 nullo
1822 2502 1931 2538 modo
1963 2502 2141 2552 distinqui
