2382 3016
1226 211 1303 255 1⁰

370 342 472 374 mus,
507 340 616 376 quam
647 325 745 375 quod
776 337 871 360 anno
902 321 1107 360 CCCXXI
1139 329 1261 359 votum
1288 322 1346 358 vel
1371 321 1562 360 Ciceronis
1591 330 1727 369 aetate,
1757 325 1789 359 si
1817 323 2023 360 Asconium
2050 323 2153 360 audi-

369 408 469 440 mus,
510 392 627 429 solum
661 392 800 429 Romae
833 390 916 426 fuit.
972 389 1154 426 Mittimus
1188 388 1363 438 templum
1396 387 1583 438 Apollinis
1611 390 1650 425 in
1684 394 1806 426 monte
1843 389 2023 427 Vaticano
2055 390 2155 440 apud

367 459 569 497 Nardinum
595 458 686 495 vll.
715 456 782 503 15,
814 469 851 506 p.
879 453 981 501 479,
1021 456 1119 505 quod
1145 456 1176 491 si
1201 468 1360 506 unquam
1388 455 1548 502 exstitit,
1586 456 1844 505 imperatorum
1869 456 2014 493 demum
2037 463 2154 494 aetate

367 526 548 564 conditum
576 531 646 571 est,
674 525 832 573 itemque
857 520 1068 572 Apollinem
1088 522 1261 560 Monetae
1288 523 1326 558 in
1353 523 1473 558 numis
1500 521 1694 559 Commodi
1720 521 1818 572 apud
1844 521 2019 560 Vaillant.
2048 522 2151 568 T.1,

368 608 404 644 p.
420 592 500 641 963
529 592 580 628 Τ.
605 591 660 638 11,
691 604 727 641 p.
746 588 828 627 182
855 595 890 626 et
913 589 1037 626 Patin.
1068 603 1106 640 p.
1122 588 1231 638 2093
1261 588 1308 626 ad
1336 588 1469 626 liberae
1496 588 1718 639 reipublicae
1742 594 1905 639 tempora
1931 602 2043 626 unum
2072 595 2152 626 tan·

367 667 441 696 tum
476 659 629 708 pertinet
664 657 929 702 testimonium,
971 656 1070 705 quod
1105 655 1272 692 Asconio
1307 654 1543 705 probabiliter
1575 656 1712 705 opponi
1747 657 1887 705 possit,
1927 655 2026 704 apud
2061 655 2148 691 Liv.

366 727 453 763 XL.
484 724 562 772 51,
608 723 711 774 cujus
739 723 769 759 si
797 721 906 758 verba
933 722 1140 771 sequimur,
1182 722 1334 758 alterum
1370 727 1555 771 praetcrea
1583 720 1771 772 Apollinis
1805 721 1944 759 Medici
1976 721 2151 771 templum

366 793 523 829 vicinum
552 790 697 840 quidem
730 789 840 838 priori
867 794 1021 824 attamen
1049 788 1146 824 clara
1173 789 1263 825 situs
1297 789 1479 825 notatione
1507 787 1717 825 distinctum
1745 787 2013 834 nanciscimur,
2052 787 2152 837 quod

366 859 419 904 si,
450 863 491 894 ut
516 856 578 893 ille
606 860 748 900 narrat,
775 867 809 890 a.
838 867 875 890 u.
902 853 1118 890 DLXXIV
1139 854 1404 891 aedificandum
1430 854 1588 892 locatum
1616 859 1693 900 est,
1722 852 1911 890 Ciceronis
1938 860 2034 890 certe
2061 859 2152 890 tem-

365 938 452 975 pore
479 930 619 961 exstare
648 925 800 971 poterat.
862 919 919 956 Ita
946 921 1041 956 enim
1070 920 1200 958 Livius
1228 922 1265 958 in
1294 920 1442 959 historia
1469 934 1645 958 censurae
1673 920 1772 957 illius
1805 920 1913 966 anni,
1957 926 2152 970 postquam

365 992 544 1042 Lepidum
574 991 753 1027 theatrum
776 993 813 1024 et
834 989 1069 1037 proscenium
1096 989 1149 1024 ad
1174 988 1392 1038 Apollinis,
1432 990 1562 1026 aedem
1583 988 1695 1026 Jovis
1719 988 1758 1023 ίη
1791 986 1982 1036 Capitolio
2011 986 2152 1024 colum-

366 1070 502 1108 nasque
531 1057 628 1093 circa
656 1055 855 1105 poliendus
883 1054 970 1090 albo
1002 1054 1143 1091 locasse
1168 1053 1311 1105 aliaque
1343 1054 1389 1091 ad
1420 1060 1673 1092 ornamentum
1701 1053 1804 1091 urbis
1835 1053 2039 1090 instituisse
2066 1066 2152 1089 nar·

364 1125 478 1170 ravit,
510 1124 645 1174 pergit:
686 1122 747 1159 M.
781 1121 940 1158 Fulvius
963 1121 1076 1172 plura
1104 1127 1139 1159 el
1166 1123 1319 1173 majoris
1346 1122 1484 1160 locavit
1514 1137 1623 1160 usus.-
1657 1127 1807 1172 portum
1840 1125 1876 1158 et
1899 1120 2001 1170 pilas
2026 1121 2152 1171 pontis

366 1192 404 1226 ἰη
438 1190 600 1226 Tiberim
630 1215 638 1224 .
661 1215 670 1224 .
705 1187 897 1224 basilicam
921 1194 1007 1237 post
1039 1189 1272 1238 arqentarias
1304 1202 1419 1225 novus
1445 1195 1483 1225 et
1512 1191 1638 1241 forum
1669 1189 1911 1238 piscatorium
1942 1213 1951 1222 .
1978 1213 1987 1222 .
2026 1193 2062 1223 et
2090 1187 2150 1238 so-

363 1271 444 1293 rum
469 1262 505 1293 et
529 1256 711 1306 porticum
740 1260 846 1291 extra
874 1260 1021 1304 portam
1061 1254 1313 1305 Triqeminam
1349 1262 1385 1292 et
1419 1256 1535 1293 aliam
1565 1261 1651 1305 post
1682 1255 1835 1292 navalia
1871 1259 1906 1291 el
1936 1254 1989 1290 ad
2019 1254 2152 1305 ficuum

362 1323 537 1359 Herculis
566 1328 600 1358 el
626 1327 710 1370 post
739 1320 835 1370 Spei
863 1322 917 1357 ml
949 1321 1116 1357 Tiberim
1143 1323 1273 1358 aedem
1301 1321 1496 1371 Apollinis
1528 1322 1696 1368 Medici,
1736 1320 1834 1358 unde
1868 1328 1906 1357 ct
1940 1326 2080 1357 veteres
2116 1327 2153 1357 et

361 1391 576 1427 recentiores
611 1387 825 1439 topographi
861 1387 937 1425 fere
970 1400 1097 1424 omnes
1130 1385 1342 1438 Apollinem
1375 1389 1562 1427 Medicum
1595 1389 1642 1426 ad
1668 1389 1784 1439 ripam
1811 1386 1958 1424 Tiberis
1986 1393 2068 1438 post
2095 1387 2151 1425 fo-

361 1470 439 1491 rum
464 1455 642 1492 olitorium
670 1455 921 1502 collocarunt,
959 1454 1021 1491 ubi
1055 1454 1145 1504 Spei
1180 1456 1354 1505 templum
1383 1456 1495 1493 fuisse
1520 1458 1608 1493 satis
1637 1461 1799 1502 constat,
1837 1454 1888 1491 cf.
1914 1454 2002 1490 Liv.
2029 1455 2147 1491 XXI.

361 1521 417 1558 62
442 1523 615 1572 pluraque
642 1522 738 1572 apud
766 1521 961 1560 Sacbsium
990 1535 1028 1571 p.
1053 1520 1142 1558 424
1166 1544 1220 1549 —
1243 1522 1448 1560 Nardinum
1475 1525 1571 1560 enim
1602 1530 1722 1560 tacere
1748 1527 1931 1572 praestat,
1959 1522 2024 1571 qui
2051 1521 2151 1572 quod

360 1601 440 1624 eum
470 1589 505 1624 in
534 1589 672 1624 tertiam
704 1588 881 1625 decimam
906 1589 1091 1638 regionem
1116 1588 1311 1636 transfert,
1352 1602 1398 1626 ne
1426 1591 1458 1626 si
1487 1589 1626 1626 navalia
1655 1588 1801 1640 quidem
1829 1594 1956 1625 contra
1983 1590 2150 1626 acutissi-

360 1668 453 1691 mam
482 1655 633 1692 Beckeri
660 1657 873 1693 sententiam
901 1655 977 1693 illic
1004 1655 1314 1705 relinqueremus,
1356 1657 1445 1708 Spei
1472 1657 1646 1707 templum
1675 1670 1758 1694 cum
1789 1655 1846 1693 his
1877 1655 2050 1707 conjungi
2082 1656 2149 1693 Li-

362 1721 439 1757 vius
460 1720 604 1771 juberet
630 1744 682 1749 -—
710 1735 827 1773 neque
861 1721 953 1759 adeo
985 1723 1104 1759 causis
1138 1722 1235 1760 illius
1265 1723 1366 1761 aedis
1402 1723 1648 1762 aedificandae
1684 1729 1901 1770 caruerunt,
1941 1724 1974 1760 si
2001 1722 2148 1775 quidem

361 1787 536 1825 Saclisius
575 1802 612 1838 p.
639 1788 721 1826 515
762 1803 841 1827 eam
879 1803 992 1840 prope
1032 1797 1178 1840 pontem
1214 1791 1424 1828 Fabricium
1465 1794 1572 1829 sitam
1612 1791 1712 1829 velut
1753 1790 1971 1828 vestibulum
2009 1790 2149 1828 insulae

361 1855 581 1904 Aesculapio
608 1869 731 1894 sacrae
757 1857 872 1894 fuisse
906 1863 1048 1904 monet,
1088 1871 1197 1908 quam
1233 1865 1399 1909 aegrotos
1427 1872 1535 1909 saepe
1569 1860 1683 1897 visere
1710 1863 1996 1896 consentaneum
2021 1856 2147 1904 fuerit,

362 1920 564 1958 Urlichsius
588 1930 705 1959 autem
734 1937 771 1973 p.
790 1923 844 1960 14
871 1924 968 1961 haud
995 1925 1159 1974 profecto
1186 1925 1307 1975 inepte
1335 1939 1400 1975 per
1426 1925 1505 1976 ejus
1527 1925 1749 1976 pestilentiae
1775 1925 2007 1962 occasionem
2023 1930 2148 1961 votum

362 2000 440 2023 esse
466 1989 689 2037 suspicatur,
731 2004 802 2040 qua
834 1991 965 2027 Livius
992 1992 1082 2028 XL.
1110 1991 1167 2029 57
1197 1992 1306 2042 paulo
1332 1999 1416 2030 aute
1441 1994 1623 2030 civitatem
1654 1992 1878 2030 atrocissime
1904 1990 2148 2029 conflictatum

362 2066 440 2090 esse
468 2054 594 2103 tradit3
631 2056 828 2107 eodemque
855 2057 1034 2095 incumbit
1061 2058 1283 2096 Rlausenius
1310 2059 1338 2096 1.
1368 2072 1403 2096 c.
1442 2072 1480 2109 p.
1509 2057 1643 2106 1100,
1687 2059 1757 2095 nisi
1793 2057 1893 2108 quod
1925 2059 1958 2094 is
1992 2057 2149 2095 ridiculo

363 2133 483 2158 errore
519 2122 614 2159 mille
648 2123 813 2173 passibus
851 2123 897 2160 ab
930 2124 1020 2162 urbe
1053 2132 1228 2163 remotam
1265 2125 1312 2162 ad
1348 2127 1444 2162 viam
1479 2125 1704 2164 Labicanam
1740 2127 1862 2175 ponit,
1906 2138 2015 2176 quam
2051 2124 2149 2162 Livii

364 2187 472 2225 verba
500 2189 596 2227 clare
623 2190 668 2227 ad
694 2189 858 2228 Tiberim
885 2191 1080 2230 collocant.
1138 2193 1236 2231 Sunt
1266 2199 1411 2241 tamen,
1449 2194 1557 2231 ctiam
1591 2193 1703 2231 misso
1735 2190 1892 2230 Asconii
1927 2192 2147 2239 testimonio,

364 2267 455 2305 quac
483 2256 520 2291 in
548 2256 619 2293 illis
651 2257 749 2294 Livii
778 2257 896 2295 verbis
921 2259 1129 2307 offendant,
1168 2266 1281 2311 utque
1315 2259 1429 2297 fatear
1464 2273 1522 2297 me
1550 2261 1670 2311 ipsum
1707 2260 1786 2297 sine
1821 2257 1980 2295 Asconii
2013 2258 2148 2297 indicio

366 2322 600 2372 integritatem
627 2338 752 2362 eorum
786 2326 824 2361 in
859 2326 1052 2363 discrimen
1088 2333 1300 2365 vocaturum
1336 2328 1396 2363 vix
1427 2327 1564 2373 tuisse,
1603 2326 1715 2365 semel
1741 2334 1862 2364 tamen
1886 2326 2047 2363 monitus
2072 2341 2146 2364 non

367 2386 511 2436 dubito,
557 2392 645 2440 quin
683 2397 802 2428 cetera
834 2405 979 2442 quoque
1016 2394 1234 2443 suspicionis
1268 2399 1481 2444 argumenta
1515 2407 1581 2444 per
1615 2407 1655 2430 se
1691 2394 1779 2430 satis
1817 2392 1941 2443 gravia
1969 2392 2064 2439 sint,
2107 2399 2147 2430 ut

367 2456 473 2489 etiam
499 2457 574 2491 sine
602 2457 740 2493 circulo
763 2458 799 2493 in
824 2458 1102 2495 demonstrando
1126 2459 1280 2496 Asconii
1307 2461 1556 2497 auctoritatem
1584 2473 1607 2496 a
1631 2459 1874 2496 minacissima
1899 2457 1971 2494 hoc
1994 2459 2148 2508 scopulo

368 2521 458 2556 tueri
489 2519 605 2558 liceat.
663 2524 715 2560 Et
749 2524 903 2574 primum
939 2524 1083 2575 quidem
1117 2525 1188 2563 hoc
1224 2539 1289 2575 pro
1324 2532 1423 2563 certo
1457 2531 1620 2573 constat,
1658 2537 1836 2575 nusquam
1865 2530 2048 2575 praeterea
2082 2532 2144 2562 aut
