2382 3016
1253 214 1326 259 18

395 349 438 374 eo
473 346 605 386 genere
637 335 778 380 fuerat,
815 331 913 382 quod
944 336 1008 367 aut
1034 331 1162 379 priscis
1189 330 1261 366 illis
1289 330 1500 366 Terentinis
1527 329 1729 376 vovendis,
1767 335 1830 366 aut
1855 330 1970 379 priori
1996 327 2182 379 Apollinis

396 401 529 453 templo
550 401 588 439 in
610 413 738 452 campo
753 398 933 437 Flaminio
953 395 1169 444 dedicando,
1197 401 1259 433 aut
1285 396 1374 448 ipsis
1402 394 1512 447 hujus
1537 394 1634 432 ludis
1661 395 1791 432 annuis
1813 394 2039 432 destinandis
2059 406 2184 431 ansam

396 468 514 518 dedit3
561 469 672 505 immo
706 466 826 504 omnia
860 464 954 501 laeta
989 469 1024 500 et
1057 475 1230 513 prospera
1264 469 1434 514 recteque
1471 463 1671 512 composita
1704 468 1740 499 et
1772 461 1928 512 optimae
1963 463 2042 513 spei
2077 462 2184 512 plena

395 537 573 571 Horatius
602 534 807 583 praedicat,
838 531 1010 581 quodque
1034 544 1129 567 unus
1157 530 1325 567 Zosimus
1351 530 1407 566 11.
1431 528 1460 565 4
1489 520 1617 570 αὖθις
1644 531 1760 569 τινῶν
1784 526 2063 577 συμπεσόντων
2087 526 2186 571 ἀπο-

396 600 553 652 θυμίων
570 599 782 651 Augustum
807 598 898 636 haec
919 597 1093 635 solemnia
1118 598 1338 633 instaurasse
1365 595 1428 642 ait,
1457 595 1539 645 ipsa
1561 592 1755 632 verborum
1784 593 2003 646 ambiguitas
2030 595 2185 646 scripto-

396 681 471 705 rem
498 667 588 703 haec
621 679 666 703 ex
693 668 856 716 priorum
886 663 1131 713 exemplorum
1159 662 1392 699 similitudine
1419 661 1610 712 collegisse
1637 662 1759 711 potius
1786 675 1897 712 quam
1925 668 2024 699 certa
2050 676 2186 701 memo-

397 735 449 771 ria
479 733 666 784 accepisse
692 731 872 779 declarat,
913 730 1121 781 praesertim
1157 742 1268 780 quum
1297 741 1337 765 ea
1365 727 1595 778 pestilentia,
1634 740 1744 779 qnam
1779 727 1896 766 solam
1930 728 2005 765 Dio
2037 727 2187 766 Cassius

396 801 505 837 L111.
529 800 587 837 35
613 806 649 836 et
673 800 780 837 LIV.
805 797 828 835 1
857 797 925 834 sub
953 795 1116 845 Augusti
1143 796 1295 845 imperio
1322 801 1601 842 commemorat,
1632 796 1838 833 saeculares
1865 795 1974 833 ludos
2000 797 2078 834 sere
2103 810 2185 833 sex·
2261 806 2263 808 ’

397 868 505 908 ennio
538 866 791 914 antecesserit,
831 876 948 916 neque
975 862 1173 901 Suetonius
1208 874 1243 899 c.
1271 859 1324 899 51
1360 860 1469 898 aliam
1497 860 1630 899 horum
1658 875 1807 900 causam
1833 862 1954 911 norit,
1989 863 2060 900 nisi
2086 861 2186 915 quod

397 937 592 986 imperator
618 933 791 971 nonnulla
810 947 855 971 ex
877 932 1036 982 antiquis
1063 931 1276 968 ceremoniis
1303 930 1478 981 paulatim
1507 930 1641 968 abolita
1668 932 1881 969 restituerit.
1938 930 2186 982 Quae'quum

398 1004 447 1040 ita
475 1003 568 1048 sint,
607 1015 651 1039 ex
678 1000 865 1048 omnibus,
904 1013 998 1050 quac
1026 998 1192 1048 quamvis
1225 998 1361 1049 insigni
1385 997 1599 1036 eruditionis
1625 998 1721 1037 mole
1752 997 1974 1037 Rlansenins
2001 996 2184 1047 disseruit,
2220 1034 2223 1037 ,

399 1067 490 1105 illud
515 1072 653 1104 tantum
680 1066 829 1114 retineo,
858 1065 903 1103 de
930 1078 1004 1116 quo
1024 1063 1102 1115 jam
1132 1069 1214 1101 ante
1241 1063 1345 1101 illum
1372 1063 1535 1115 adeoque
1561 1076 1606 1101 ex
1632 1065 1713 1115 ipso
1739 1064 1887 1103 Horatii
1914 1065 2075 1103 carmine
2099 1066 2187 1102 satis

399 1134 607 1181 constabat,
647 1133 848 1184 Sibyllinos
875 1133 988 1170 libros
1013 1134 1065 1169 ita
1090 1133 1343 1182 praecepisse,
1381 1140 1422 1170 ut
1447 1146 1532 1170 cum
1556 1132 1715 1182 antiquis
1741 1133 1954 1170 ceremoniis
1978 1132 2188 1170 Terentinis

399 1199 585 1251 Apollinis
618 1212 660 1237 ac
687 1200 828 1237 Dianae
863 1200 1048 1237 veneratio
1081 1198 1315 1250 jungeretur3
1355 1198 1427 1237 hoc
1463 1211 1551 1237 vero
1586 1199 1754 1249 quamvis
1786 1204 1973 1236 externam
2010 1200 2187 1238 rationem

399 1267 633 1305 sufficientem
658 1265 789 1304 habeat
807 1266 845 1303 in
871 1266 951 1317 ipsa
973 1265 1104 1304 horum
1124 1265 1302 1304 librorum
1322 1264 1458 1314 indole,
1488 1278 1582 1318 quos
1598 1264 1671 1317 jam
1687 1263 1914 1303 Niebuhrius
1931 1266 1983 1303 Τ.
1996 1265 2030 1315 Ι,
2048 1280 2088 1317 p.
2100 1264 2188 1305 565

398 1334 484 1371 edit.
515 1340 598 1371 tert.
639 1345 781 1383 semper
813 1331 1041 1370 Graecorum
1076 1333 1228 1372 deorum
1264 1333 1403 1371 cultum
1436 1334 1647 1384 praecipere
1673 1334 1834 1380 monuit,
1873 1331 2040 1384 Augusti
2069 1340 2188 1371 tamen

399 1405 534 1448 aetate,
575 1413 646 1450 qua
672 1399 862 1451 religiosas
896 1412 1051 1451 quoque
1076 1401 1299 1438 ceremonias
1327 1399 1465 1437 dudum
1492 1400 1531 1437 in
1557 1398 1830 1437 ambitiosorum
1865 1399 2101 1438 consiliorum
2131 1401 2188 1437 in-

399 1472 596 1505 strumenta
621 1479 745 1504 versas
773 1465 886 1504 fuisse
913 1468 1104 1515 novimus,
1134 1467 1194 1504 vel
1221 1468 1275 1504 sic
1301 1467 1549 1518 quaerendum
1574 1472 1708 1514 restat,
1739 1479 1806 1504 cur
1830 1467 2050 1517 imperator,
2080 1481 2189 1518 quem

399 1533 489 1570 nihil
515 1540 646 1570 temere
673 1534 792 1583 egisse
816 1535 854 1570 in
881 1548 921 1571 re
948 1534 1096 1584 publica
1123 1540 1280 1582 constat,
1307 1535 1430 1584 ipsum
1458 1533 1549 1571 illud
1574 1533 1740 1584 Sibyllae
1766 1547 1981 1584 responsum
2008 1534 2186 1581 elicuerit,

399 1612 466 1636 nec
496 1600 527 1635 si
555 1598 613 1636 vel
641 1600 794 1637 maxime
819 1599 918 1637 ludis
946 1599 1097 1638 edendis
1125 1599 1338 1652 popularem
1365 1600 1519 1651 gratiam
1547 1598 1737 1650 captabat,
1767 1598 1859 1637 alios
1886 1599 2090 1651 quoslibet,
2124 1599 2190 1639 sed

399 1665 467 1701 hos
492 1667 714 1715 potissimum
741 1667 946 1704 saeculares
973 1680 1057 1703 cnm
1082 1666 1270 1717 Apollinis
1294 1666 1433 1704 honore
1453 1666 1668 1717 conjunctos
1694 1667 1910 1715 instituerit,
1940 1666 2050 1717 idque
2069 1668 2190 1717 ipsum

400 1738 474 1779 est,
515 1732 618 1783 cujus
656 1733 933 1783 explicationem
971 1747 1018 1771 ex
1051 1733 1179 1785 ecloga
1214 1732 1363 1783 'Virgilii
1396 1738 1527 1783 quarta
1565 1733 1756 1784 petendam
1792 1747 1876 1772 esse
1917 1733 2006 1771 dixi.
2070 1733 2189 1772 Nimi-

401 1810 503 1846 rum,
533 1804 573 1835 ut
599 1797 740 1837 duobus
768 1798 890 1838 verbis
917 1800 1091 1852 eloquar,
1126 1799 1323 1852 Augustus
1349 1798 1397 1837 ad
1424 1799 1515 1837 illud
1543 1799 1709 1852 Sibyllae
1735 1801 1881 1839 effatum
1907 1801 2109 1852 respexisse
2136 1802 2190 1838 vi-

403 1864 529 1911 detur,
566 1866 664 1914 quod
687 1866 760 1916 jam
790 1874 874 1904 ante
900 1881 1060 1919 pugnam
1088 1866 1283 1904 Actiacam
1307 1868 1358 1903 ita
1384 1867 1636 1915 increbuerat,
1671 1874 1713 1905 ut
1738 1869 1919 1919 Virgilius
1946 1882 1990 1905 eo
2017 1875 2190 1919 tanquam

402 1937 488 1968 noto
512 1932 564 1968 uti
591 1940 734 1982 posset,
768 1934 895 1972 adesse
922 1935 1085 1972 ultimam
1112 1933 1240 1971 mundi
1263 1939 1439 1981 aetatem,
1476 1947 1550 1985 qua
1577 1947 1686 1972 aurea
1711 1934 1856 1972 saecula
1882 1935 2015 1973 reverti
2041 1947 2189 1973 novam-

404 2011 475 2048 que
500 1998 685 2037 hominum
710 2002 920 2052 progeniem
948 2002 1100 2040 coelitus
1127 2001 1266 2039 demitti
1292 2001 1331 2037 in
1358 2001 1444 2038 fatis
1470 2007 1586 2050 esset,
1621 2015 1773 2054 eamque
1807 2002 1877 2040 sub
1904 2000 2091 2053 Apollinis
2122 2003 2190 2039 im-

404 2065 505 2114 perio
527 2065 625 2114 fore3
669 2067 766 2117 quod
795 2080 869 2117 qno
895 2068 1075 2118 Virgilius
1101 2070 1139 2105 in
1166 2069 1231 2106 illo
1262 2068 1422 2105 carmine
1453 2068 1638 2116 retulerit,
1673 2075 1798 2107 nostra
1824 2082 1924 2106 nnnc
1950 2083 2025 2106 non
2052 2069 2187 2117 refert,

406 2129 646 2170 Octavianum
683 2140 781 2172 certe
811 2135 932 2173 omnia
967 2134 1166 2174 ostendunt
1197 2134 1295 2173 hanc
1328 2136 1446 2186 ipsam
1482 2136 1798 2187 superstitionem,
1842 2148 1936 2188 qnae
1969 2135 2096 2188 populi
2128 2149 2192 2175 ore

408 2197 606 2245 serebatur,
650 2200 778 2238 callide
809 2203 1005 2252 arripuisse
1040 2209 1078 2240 et
1112 2216 1225 2254 quum
1259 2202 1339 2239 aliis
1369 2202 1479 2240 rebus
1500 2209 1591 2240 ’tum
1625 2204 1803 2253 imprimis
1835 2202 2024 2254 Apollinis
2056 2203 2191 2254 templo

407 2264 651 2313 aedificando,
692 2267 790 2317 quod
811 2268 888 2318 jam
916 2283 952 2306 a.
981 2269 1230 2308 DCCXVIII
1255 2269 1302 2306 ab
1325 2284 1369 2308 eo
1397 2272 1616 2321 promissum
1642 2285 1724 2308 esse
1750 2269 1930 2318 vidimus,
1969 2269 2012 2307 id
2037 2272 2190 2309 maxime

409 2333 546 2382 egisse,
575 2339 616 2370 ut
641 2334 755 2384 ipsius
779 2335 929 2385 imperio
956 2336 1078 2374 divina
1105 2338 1205 2375 illius
1229 2337 1368 2377 oraculi
1395 2339 1589 2377 auctoritas
1617 2336 1829 2385 accederet,
1860 2349 2026 2388 quaeque
2051 2336 2097 2375 ad
2125 2351 2190 2389 pa·

412 2409 488 2433 cem
514 2398 763 2436 stabiliendam
788 2415 977 2451 moresque
1003 2404 1236 2455 corrigendos
1262 2403 1496 2452 instituebat,
1525 2406 1633 2455 quasi
1658 2406 1774 2455 ipsam
1796 2403 1991 2441 Astraeam
2018 2404 2192 2442 reducere

411 2477 608 2515 aureaeque
635 2467 760 2504 aetatis
785 2466 1020 2506 fundamenta
1035 2469 1158 2519 jacere
1185 2470 1406 2508 viderentur.
1463 2471 1590 2521 Ipsum
1615 2470 1706 2509 adeo
1729 2471 1981 2521 imperatorem
2005 2469 2191 2522 Apollinis

413 2529 575 2570 habitum
604 2545 645 2569 ac
674 2546 864 2583 personam
892 2533 1046 2573 libenter
1071 2538 1276 2587 suscepisse
1303 2537 1426 2575 multis
1453 2537 1681 2576 documentis
1709 2544 1872 2586 constat,
1904 2538 1949 2575 de
1976 2536 2110 2589 quibus
2138 2537 2188 2575 ef.
